@article{bentley1975,
 author = {Jon Louis Bentley},
 title = {Multidimensional binary search trees used for associative searching},
 journal = {Communications of the ACM},
 volume = {18},
 number = {9},
 year = {1975},
 issn = {0001-0782},
 pages = {509--517},
 doi = {http://doi.acm.org/10.1145/361002.361007},
 publisher = {ACM Press},
 address = {New York, NY, USA},
 }

@article{bohm2001,
 author = {Christian B\"ohm and Stefan Berchtold and Daniel A. Keim},
 title = {Searching in high-dimensional spaces: Index structures for improving the performance of multimedia databases},
 journal = {ACM Computing Survey},
 volume = {33},
 number = {3},
 year = {2001},
 issn = {0360-0300},
 pages = {322--373},
 doi = {http://doi.acm.org/10.1145/502807.502809},
 publisher = {ACM Press},
 address = {New York, NY, USA},
 }

@article{ arya1998,
 author = {Sunil Arya and David M. Mount and Nathan S. Netanyahu and Ruth Silverman and Angela Y. Wu},
 title = {An optimal algorithm for approximate nearest neighbor searching fixed dimensions},
 journal = {J. ACM},
 volume = {45},
 number = {6},
 year = {1998},
 issn = {0004-5411},
 pages = {891--923},
 doi = {http://doi.acm.org/10.1145/293347.293348},
 publisher = {ACM Press},
 address = {New York, NY, USA},
 }

@inproceedings{ beis1997,
  author = {Jeffrey S. Beis and David G. Lowe},
  title = {Shape indexing using approximate nearest-neighbour search in high-dimensional spaces},
  booktitle = {Conference on Computer Vision and Pattern Recognition},
  year = {1997},
  pages = {1000--1006},
}

@ARTICLE{blinddate,
   author = {{Barron}, J.~T. and {Hogg}, D.~W. and {Lang}, D. and {Roweis}, S.},
    title = "{Blind Date: Using Proper Motions to Determine the Ages of Historical Images}",
  journal = {\aj},
archivePrefix = "arXiv",
   eprint = {0805.0759},
 keywords = {astrometry, catalogs, methods: statistical, stars: kinematics, techniques: image processing, time },
     year = 2008,
    month = oct,
   volume = 136,
    pages = {1490-1501},
      doi = {10.1088/0004-6256/136/4/1490},
   adsurl = {http://adsabs.harvard.edu/abs/2008AJ....136.1490B},
  adsnote = {Provided by the SAO/NASA Astrophysics Data System},
   note = {arXiv:0805.0759},
}



@inproceedings{theoryofeverything,
 author = {Hogg, D.~W. and Lang, D.},
 year = 2008,
 title = {Astronomical imaging: The theory of everything},
 booktitle = {Classification and Discovery in Large Astronomical Surveys},
 editor = {Bailer-Jones, C.~A.~L.},
 series = {AIP Conference Proceedings},
 volume = 1082,
 pages = {331--338},
 eprint = {arXiv:astro-ph/0810.3851},
 note = {arXiv:0810.3851},
}

@article{dasch,
author = {Grindlay, J. and Tang, S. and Simcoe, R. and Laycock, S. and Los, E. and Mink, D. and Doane, A. and Champine, D.},
title = "{DASCH to Measure (and preserve) the Harvard Plates: Opening the ~100-year Time Domain Astronomy Window}",
booktitle = {Preserving Astronomy's Photographic Legacy: Current State and the Future of {N}orth {A}merican Astronomical Plates},
editor = {Wayne Osborn and Lee Robbins},
publisher = {Astronomical Society of the Pacific},
address = {San Francisco},
series = {Astronomical Society of the Pacific Conference Proceedings},
year = {2009},
volume = {410},
pages={101--},
}


@article{ liebe1993,
title = {Pattern recognition of star constellations for spacecraft applications},
author = {Carl Christian Liebe},
journal = {IEEE Aerospace and Electronic Systems Magazine},
year = {1993},
volume = {8},
number = {1},
pages = {31--39}
}

@ARTICLE{ junkins1977,
   author = {Junkins, J.~L. and White, III, C.~C. and Turner, J.~D.},
    title = "{Star pattern recognition for real time attitude determination.}",
  journal = {Journal of the Astronautical Sciences},
     year = 1977,
   volume = 25,
    pages = {251-270},
   adsurl = {http://adsabs.harvard.edu/abs/1977JAnSc..25..251J},
  adsnote = {Provided by the Smithsonian/NASA Astrophysics Data System}
}

@ARTICLE{ pal2006,
   author = {{P{\'a}l}, A. and {Bakos}, G.~{\'A}.},
    title = "{Astrometry in Wide-Field Surveys}",
  journal = {The Publications of the Astronomical Society of the Pacific},
   eprint = {astro-ph/0609658},
     year = 2006,
    month = oct,
   volume = 118,
    pages = {1474--1483},
      doi = {10.1086/508573},
}

@mastersthesis{ harvey2004,
  author = {Chris Harvey},
  title = {New Algorithms for Automated Astrometry},
  year = {2004},
  institution = {University of {T}oronto},
  school = {University of {T}oronto},
}

@article{ lamdan1990,
title = {Affine invariant model-based object recognition},
author = {Lamdan, Y. and Schwartz, J.~T. and Wolfson, H.~J.},
journal = {IEEE Transactions on Robotics and Automation},
volume = {6},
number = {5},
year = {1990},
month = {oct},
pages = {578--589}
}

@article{ huttenlocher1990,
 author = {Daniel P. Huttenlocher and Shimon Ullman},
 title = {Recognizing solid objects by alignment with an image},
 journal = {Int. J. Comput. Vision},
 volume = {5},
 number = {2},
 year = {1990},
 issn = {0920-5691},
 pages = {195--212},
 doi = {http://dx.doi.org/10.1007/BF00054921},
 publisher = {Kluwer Academic Publishers},
 address = {Hingham, MA, USA},
 }

@ARTICLE{ valdes1995,
   author = {Valdes, F.~G. and Campusano, L.~E. and Velasquez, J.~D. and 
	Stetson, P.~B.},
    title = "{FOCAS Automatic Catalog Matching Algorithms}",
  journal = {\pasp},
     year = 1995,
    month = nov,
   volume = 107,
    pages = {1119--},
   adsurl = {http://adsabs.harvard.edu/abs/1995PASP..107.1119V},
  adsnote = {Provided by the Smithsonian/NASA Astrophysics Data System}
}

@inproceedings{ bertin2005,
  author    = {E. Bertin},
  title     = {Automatic astrometric and photometric calibration with {SCAMP}},
  booktitle = {Astronomical Data Analysis Software and Systems 15},
publisher = {Astronomical Society of the Pacific},
address = {San Francisco},
series = {ASP Conference Series, Vol. 351},
editor = {Carlos Gabriel and Christophe Arviset and Daniel Ponz and Enrique Solano},
  year      = {2006},
pages = {112--},
}

@article{ wolfson1997,
title = {Geometric hashing: an overview},
author = {Wolfson, H.~J. and   Rigoutsos, I.},
journal = {IEEE Computational Science and Engineering},
year = {1997},
volume = {4},
number = {4},
pages = {10--21},
}

%{Levine}, S.~E. and {Canzian}, B. and {Ables}, H.~D. and 
%	{Bird}, A.~R. and {Dahn}, C.~C. and {Guetter}, H.~H. and {Harris}, H.~C. and 
%	{Henden}, A.~A. and {Leggett}, S.~K. and {Levison}, H.~F. and 
%	{Luginbuhl}, C.~B. and {Martini}, J. and {Monet}, A.~K.~B. and 
%	{Munn}, J.~A. and {Pier}, J.~R. and {Rhodes}, A.~R. and {Riepe}, B. and 
%	{Sell}, S. and {Stone}, R.~C. and {Vrba}, F.~J. and {Walker}, R.~L. and 
%	{Westerhout}, G. and {Brucato}, R.~J. and {Reid}, I.~N. and 
%	{Schoening}, W. and {Hartley}, M. and {Read}, M.~A. and {Tritton}, S.~B.
%	},
@ARTICLE{ usnob,
   author = {{Monet}, D.~G. and others},
    title = "{The USNO-B Catalog}",
  journal = {\aj},
   eprint = {arXiv:astro-ph/0210694},
     year = 2003,
    month = feb,
   volume = 125,
    pages = {984--993},
      doi = {10.1086/345888},
   adsurl = {http://adsabs.harvard.edu/abs/2003AJ....125..984M},
  adsnote = {Provided by the Smithsonian/NASA Astrophysics Data System}
}

@article{barroncleaning,
  author={Jonathan T. Barron and Christopher Stumm and David W. Hogg and Dustin Lang and Sam Roweis},
  title={CLEANING THE {USNO-B} CATALOG THROUGH AUTOMATIC DETECTION OF OPTICAL ARTIFACTS},
  journal={The Astronomical Journal},
  volume={135},
  number={1},
  pages={414-422},
  url={http://stacks.iop.org/1538-3881/135/414},
  year={2008},
}

%R.~M. Cutri and R. Stiening and M.~D. Weinberg and S. Schneider and J.~M. Carpenter and C. Beichman and R. Capps and T. Chester and J. Elias and J. Huchra and J. Liebert and C. Lonsdale and D.~G. Monet and S. Price and P. Seitzer and T. Jarrett and J.~D. Kirkpatrick and J. Gizis and E. Howard and T. Evans and J. Fowler and L. Fullmer and R. Hurt and R. Light and E.~L. Kopan and K.~A. Marsh and H.~L. McCallon and R. Tam and S. Van Dyk and S. Wheelock},
@article{ twomass,
  title = {The {T}wo {M}icron {A}ll {S}ky {S}urvey ({2MASS})},
  author = {M.~F. Skrutskie and others},
  year = {2006},
  journal = {\AJ},
  volume = {131},
  pages = {1163}
}

% 2002ASPC..281..107G,
@INPROCEEDINGS{healpix,
   author = {{G{\'o}rski}, K.~M. and {Banday}, A.~J. and {Hivon}, E. and {Wandelt}, B.~D.},
    title = "{HEALPix --- a Framework for High Resolution, Fast Analysis on the Sphere}",
 keywords = {data analysis, computational methods, astronomy: Cosmic Microwave Background, FITS},
booktitle = {Astronomical Data Analysis Software and Systems XI},
     year = 2002,
   series = {Astronomical Society of the Pacific Conference Series},
   volume = 281,
   editor = {{Bohlender}, D.~A. and {Durand}, D. and {Handley}, T.~H.},
    pages = {107-+},
   adsurl = {http://adsabs.harvard.edu/abs/2002ASPC..281..107G},
  adsnote = {Provided by the SAO/NASA Astrophysics Data System}
}


