@article{parzen,
	author = {Parzen, Emanuel},
	citeulike-article-id = {3245941},
	journal = {The Annals of Mathematical Statistics},
	keywords = {file-import-08-09-12},
	number = {3},
	pages = {1065--1076},
	posted-at = {2008-09-12 14:30:37},
	priority = {2},
	title = {On Estimation of a Probability Density Function and Mode},
	volume = {33},
	year = {1962}
}

@report{moore-tutorial,
    Howpublished = {Extract from PhD Thesis},
    Year = {1991},
    Booktitle = {University of Cambridge Computer Laboratory Technical Report No. 209},
    Note = {Available from http://www.cs.cmu.edu/$sim$awm/papers.html},
    Author = {Andrew Moore},
    Title = {A tutorial on kd-trees}
}

@inproceedings{bentley1990,
 author = {Jon Louis Bentley},
 title = {K-d trees for semidynamic point sets},
 booktitle = {SCG '90: Proceedings of the sixth annual symposium on Computational geometry},
 year = {1990},
 isbn = {0-89791-362-0},
 pages = {187--197},
 location = {Berkley, California, United States},
 doi = {http://doi.acm.org/10.1145/98524.98564},
 publisher = {ACM},
 address = {New York, NY, USA},
 }

@misc{simkd,
  author = {Andrew Moore and John Ostlund},
  title = {Simple kd-Tree Source Code},
  howpublished = {http://www.autonlab.org},
}

@article{land1960,
  author = {A. H. Land and A. G. Doig},
  journal = {Econometrica},
  month = {Jul},
  number = {3},
  pages = {497--520},
  publisher = {The Econometric Society},
  title = {An Automatic Method of Solving Discrete Programming Problems},
  volume = {28},
  year = {1960},
}

