%Mikolajczyk05acomparison,
@ARTICLE{affineinvariant,
    author = {K. Mikolajczyk and T. Tuytelaars and C. Schmid and A. Zisserman and J. Matas and F. Schaffalitzky and T. Kadir and L. Van Gool},
    title = {A comparison of affine region detectors},
    journal = {{I}nternational {J}ournal of {C}omputer {V}ision},
    year = {2005},
    volume = {65},
    pages = {43--72}
}

@Article{tycho2,
     author    = {H\o{}g, E. and others},
     title     = {The Tycho-2 catalogue of the 2.5 million brightest
                  stars},
     journal   = {\aap},
     volume    = {355},
     year      = {2000},
     pages     = {L27--30},
}

@article{macdonald1990,
author = {David J. MacDonald and Kellogg S. Booth},
title = {Heuristics for ray tracing using space subdivision},
journal = {The Visual Computer},
volume = {6},
number = {3},
year = {1990},
issn = {0178-2789},
pages = {153--166},
doi = {http://dx.doi.org/10.1007/BF01911006},
publisher = {Springer-Verlag New York, Inc.},
address = {Secaucus, NJ, USA},
} 

@inproceedings{andoni2006,
  author    = {Alexandr Andoni and
               Piotr Indyk},
  title     = {Near-Optimal Hashing Algorithms for Approximate Nearest
               Neighbor in High Dimensions.},
  booktitle = {Foundations Of Computer Science},
  year      = {2006},
  pages     = {459-468},
  ee        = {http://doi.ieeecomputersociety.org/10.1109/FOCS.2006.49},
  crossref  = {DBLP:conf/focs/2006},
  bibsource = {DBLP, http://dblp.uni-trier.de}
}

@proceedings{DBLP:conf/focs/2006,
  title     = {47th Annual IEEE Symposium on Foundations of Computer Science
               (FOCS 2006), 21-24 October 2006, Berkeley, California, USA,
               Proceedings},
  booktitle = {Foundations Of Computer Science},
  publisher = {IEEE Computer Society},
  year      = {2006},
  isbn      = {0-7695-2720-5},
  bibsource = {DBLP, http://dblp.uni-trier.de}
}

@techreport{goldstein2003,
  author = { Jonathan Goldstein and John C Platt and Christopher J C Burges },
  title = { Indexing High Dimensional Rectangles for Fast Multimedia Identification },
  institution = { Microsoft Corporation },
  number = { MSR-TR-2003-38 },
  year = { 2003 }
}

@inproceedings{ burges2002,
  author = {Christopher J.~C. Burges and John C. Platt and Soumya Jana},
  title = {Extracting Noise-Robust Features from Audio Data},
  booktitle = {IEEE International Conference on Acoustics, Speech, and 
Signal Processing},
  year = {2002},
  pages = {I1021--1024},
  month = {May},
  url = {citeseer.ist.psu.edu/burges02extracting.html} }

@inproceedings{gionis1999,
  author    = {Aristides Gionis and
               Piotr Indyk and
               Rajeev Motwani},
  editor    = {Malcolm P. Atkinson and
               Maria E. Orlowska and
               Patrick Valduriez and
               Stanley B. Zdonik and
               Michael L. Brodie},
  title     = {Similarity Search in High Dimensions via Hashing},
  booktitle = {VLDB'99, Proceedings of 25th International Conference on Very
               Large Data Bases, September 7-10, 1999, Edinburgh, Scotland,
               UK},
  publisher = {Morgan Kaufmann},
  year      = {1999},
  isbn      = {1-55860-615-7},
  pages     = {518-529},
  ee        = {db/conf/vldb/GionisIM99.html},
  bibsource = {DBLP, http://dblp.uni-trier.de}
}


@inproceedings{datar2004,
  author    = {Mayur Datar and
               Nicole Immorlica and
               Piotr Indyk and
               Vahab S. Mirrokni},
  title     = {Locality-sensitive hashing scheme based on p-stable distributions.},
  booktitle = {Symposium on Computational Geometry},
  year      = {2004},
  pages     = {253-262},
  ee        = {http://doi.acm.org/10.1145/997817.997857},
  crossref  = {DBLP:conf/compgeom/2004},
  bibsource = {DBLP, http://dblp.uni-trier.de}
}

@proceedings{DBLP:conf/compgeom/2004,
  editor    = {Jack Snoeyink and
               Jean-Daniel Boissonnat},
  title     = {Proceedings of the 20th ACM Symposium on Computational Geometry,
               Brooklyn, New York, USA, June 8-11, 2004},
  booktitle = {Symposium on Computational Geometry},
  publisher = {ACM},
  year      = {2004},
  isbn      = {1-58113-885-7},
  bibsource = {DBLP, http://dblp.uni-trier.de}
}

@inproceedings{ amrani1994,
  author = { O Amrani and Y Be'ery },
  title = {Efficient bounded-distance decoding of the {H}exacode and associated decoders for the 
{L}eech lattice and the {G}olay code},
  title = {Proceedings of the IEEE International Symposium on Information Technology, ISIT 1994},
  year = {1994},
  pages = {400}
}

@inproceedings{arya1994,
 author = {Sunil Arya and David M. Mount and Nathan S. Netanyahu and Ruth Silverman and Angela Wu},
 title = {An optimal algorithm for approximate nearest neighbor searching},
 booktitle = {SODA '94: Proceedings of the fifth annual ACM-SIAM symposium on Discrete algorithms},
 year = {1994},
 isbn = {0-89871-329-3},
 pages = {573--582},
 location = {Arlington, Virginia, United States},
 publisher = {Society for Industrial and Applied Mathematics},
 address = {Philadelphia, PA, USA},
 }

@article{amrani1994b,
  author    = {Ofer Amrani and
               Yair Be'ery and
               Alexander Vardy and
               Feng-Wen Sun and
               Henk C.~A. van Tilborg},
  title     = {The Leech lattice and the Golay code: bounded-distance decoding
               and multilevel constructions.},
  journal   = {IEEE Transactions on Information Theory},
  volume    = {40},
  number    = {4},
  year      = {1994},
  pages     = {1030-1043},
  bibsource = {DBLP, http://dblp.uni-trier.de}
}

@article{friedman1977,
 author = {Jerome H. Freidman and Jon Louis Bentley and Raphael Ari Finkel},
 title = {An Algorithm for Finding Best Matches in Logarithmic Expected Time},
 journal = {ACM Trans. Math. Softw.},
 volume = {3},
 number = {3},
 year = {1977},
 issn = {0098-3500},
 pages = {209--226},
 doi = {http://doi.acm.org/10.1145/355744.355745},
 publisher = {ACM Press},
 address = {New York, NY, USA},
 }

@article{ clouse2000,
 author = {D.~S. Clouse and C.~W. Padgett},
  title = { Small field-of-view star identification using {B}ayesian decision theory},
  journal = { IEEE Transactions on Aerospace and Electronic Systems},
  volume = {36},
  number = {3},
  pages = {773--783},
  month = {Jul},
  year =  {2000}
}

@article{ sproull1991,
author = {Robert F. Sproull},
title={Refinements to nearest-neighbor searching in $k$-dimensional trees},
journal = {Algorithmica},
year = {1991},
volume = {6},
number = {1},
pages = {579--589}
}

@techreport{ storkey2005,
author = {Amos Storkey and Chris Williams and Emma Taylor and Robert G Mann},
title={An Expectation Maximisation Algorithm for One-to-Many Record Linkage, Illustrated on the Problem of Matching Far Infra-Red Astronomical Sources to Optical Counterparts},
institution={University of Edinburgh, School of Informatics},
number={EDI-INF-RR-0318},
year={2005}
}

@article{ dryden1999,
  journal = {Biometrics},
  volume = {55},
  number = {3},
  pages = {820--825},
  year = {1999},
  author = {Ian L. Dryden and Gary Walker},
  title = {Highly Resistant Regression and Object Matching}
}


@misc{ kaiser1999,
  author = {N. Kaiser and G. Wilson and G. Luppino and H. Dahle},
  title = {A Photometric Study of the Supercluster {MS0302} with the {UH8K} {CCD} Camera: Image Processing and Object Catalogs},
  year = {1999},
  eprint = {arXiv:astro-ph/9907229v1},
  howpublished = {arXiv:astro-ph/9907229v1},
}

@inbook{rousseeuw1984b,
	author = {Rousseeuw and Yohai},
	booktitle = {Robust and Nonlinear Time Series Analysis},
	citeulike-article-id = {572320},
	comment = {S-estimators},
	editor = {Frankle and Hardle and Martin},
	pages = {256--272},
	publisher = {Springer-Verlag},
	series = {Lecture Notes in Statistics 26},
	title = {Robust regression by means of s-estimators},
	year = {1984}
}

@article{ rousseeuw1984,
  author = {Rousseeuw, P.~J.},
  title = {Least Median of Squares Regression},
  journal = {Journal of the American Statistical Association},
  volume = {79},
  number = {388},
  pages = {871--880},
  year = {1984},
}

@article{gervini2002,
  author = {{Gervini, Daniel} and {Yohai, Victor J.}},
  journal = {The Annals of Statistics},
  month = {apr},
  number = {2},
  pages = {583--616},
  publisher = {Institute of Mathematical Statistics},
  title = {A Class of Robust and Fully Efficient Regression Estimators},
  volume = {30},
  year = {2002},
}

@inproceedings{ kirsch2006,
title={Less Hashing, Same Performance: Building a Better {B}loom Filter},
author = {A. Kirsch and  M. Mitzenmacher},
booktitle= {Proceedings of the 14th Annual European Symposium on Algorithms (ESA)},
year={2006}
}

@inproceedings{ kirsch2006b,
title={Distance-Sensitive {B}loom Filters},
author = {A. Kirsch and  M. Mitzenmacher},
booktitle= {Proceedings of the Eighth Workshop on Algorithm Engineering and Experiments (ALENEX)},
year={2006}
}

@article{ lowe2004,
author = {David G. Lowe},
title = {Distinctive image features from scale-invariant keypoints},
journal = {International Journal of Computer Vision},
volume = {60},
number = {2},
year = {2004},
pages = {91--110}
}

@inproceedings{ lowe1999,
author = {David G. Lowe},
title = {Object recognition from local scale-invariant features},
booktitle = {International Conference on Computer Vision},
year = {1999},
pages = {1150--1157}
}

@inproceedings{ lowe2001,
author = {David G. Lowe},
title = {Local feature view clustering for 3{D} object recognition},
booktitle = {IEEE Conference on Computer Vision and Pattern Recognition},
year = {2001},
pages = {682--688}
}

@article{ sdss-dr4,
   author = {{Adelman-McCarthy}, J.~K. and {Ag{\"u}eros}, M.~A. and {Allam}, S.~S. and 
	{Anderson}, K.~S.~J. and {Anderson}, S.~F. and {Annis}, J. and 
	{Bahcall}, N.~A. and {Baldry}, I.~K. and {Barentine}, J.~C. and 
	{Berlind}, A. and {Bernardi}, M. and {Blanton}, M.~R. and {Boroski}, W.~N. and 
	{Brewington}, H.~J. and {Brinchmann}, J. and {Brinkmann}, J. and 
	{Brunner}, R.~J. and {Budav{\'a}ri}, T. and {Carey}, L.~N. and 
	{Carr}, M.~A. and {Castander}, F.~J. and {Connolly}, A.~J. and 
	{Csabai}, I. and {Czarapata}, P.~C. and {Dalcanton}, J.~J. and 
	{Doi}, M. and {Dong}, F. and {Eisenstein}, D.~J. and {Evans}, M.~L. and 
	{Fan}, X. and {Finkbeiner}, D.~P. and {Friedman}, S.~D. and 
	{Frieman}, J.~A. and {Fukugita}, M. and {Gillespie}, B. and 
	{Glazebrook}, K. and {Gray}, J. and {Grebel}, E.~K. and {Gunn}, J.~E. and 
	{Gurbani}, V.~K. and {de Haas}, E. and {Hall}, P.~B. and {Harris}, F.~H. and 
	{Harvanek}, M. and {Hawley}, S.~L. and {Hayes}, J. and {Hendry}, J.~S. and 
	{Hennessy}, G.~S. and {Hindsley}, R.~B. and {Hirata}, C.~M. and 
	{Hogan}, C.~J. and {Hogg}, D.~W. and {Holmgren}, D.~J. and {Holtzman}, J.~A. and 
	{Ichikawa}, S.-i. and {Ivezi{\'c}}, {\v Z}. and {Jester}, S. and 
	{Johnston}, D.~E. and {Jorgensen}, A.~M. and {Juri{\'c}}, M. and 
	{Kent}, S.~M. and {Kleinman}, S.~J. and {Knapp}, G.~R. and {Kniazev}, A.~Y. and 
	{Kron}, R.~G. and {Krzesinski}, J. and {Kuropatkin}, N. and 
	{Lamb}, D.~Q. and {Lampeitl}, H. and {Lee}, B.~C. and {Leger}, R.~F. and 
	{Lin}, H. and {Long}, D.~C. and {Loveday}, J. and {Lupton}, R.~H. and 
	{Margon}, B. and {Mart{\'{\i}}nez-Delgado}, D. and {Mandelbaum}, R. and 
	{Matsubara}, T. and {McGehee}, P.~M. and {McKay}, T.~A. and 
	{Meiksin}, A. and {Munn}, J.~A. and {Nakajima}, R. and {Nash}, T. and 
	{Neilsen}, Jr., E.~H. and {Newberg}, H.~J. and {Newman}, P.~R. and 
	{Nichol}, R.~C. and {Nicinski}, T. and {Nieto-Santisteban}, M. and 
	{Nitta}, A. and {O'Mullane}, W. and {Okamura}, S. and {Owen}, R. and 
	{Padmanabhan}, N. and {Pauls}, G. and {Peoples}, J.~J. and {Pier}, J.~R. and 
	{Pope}, A.~C. and {Pourbaix}, D. and {Quinn}, T.~R. and {Richards}, G.~T. and 
	{Richmond}, M.~W. and {Rockosi}, C.~M. and {Schlegel}, D.~J. and 
	{Schneider}, D.~P. and {Schroeder}, J. and {Scranton}, R. and 
	{Seljak}, U. and {Sheldon}, E. and {Shimasaku}, K. and {Smith}, J.~A. and 
	{Smol{\v c}i{\'c}}, V. and {Snedden}, S.~A. and {Stoughton}, C. and 
	{Strauss}, M.~A. and {SubbaRao}, M. and {Szalay}, A.~S. and 
	{Szapudi}, I. and {Szkody}, P. and {Tegmark}, M. and {Thakar}, A.~R. and 
	{Tucker}, D.~L. and {Uomoto}, A. and {Vanden Berk}, D.~E. and 
	{Vandenberg}, J. and {Vogeley}, M.~S. and {Voges}, W. and {Vogt}, N.~P. and 
	{Walkowicz}, L.~M. and {Weinberg}, D.~H. and {West}, A.~A. and 
	{White}, S.~D.~M. and {Xu}, Y. and {Yanny}, B. and {Yocum}, D.~R. and 
	{York}, D.~G. and {Zehavi}, I. and {Zibetti}, S. and {Zucker}, D.~B.
	},
    title = {The Fourth Data Release of the {S}loan {D}igital {S}ky {S}urvey},
  journal = {\apjs},
   eprint = {arXiv:astro-ph/0507711},
     year = 2006,
    month = jan,
   volume = 162,
    pages = {38-48},
      doi = {10.1086/497917},
   adsurl = {http://adsabs.harvard.edu/abs/2006ApJS..162...38A},
  adsnote = {Provided by the Smithsonian/NASA Astrophysics Data System}
}


@inproceedings{ nomad,
title = {The {N}aval {O}bservatory {M}erged {A}strometric {D}ataset ({NOMAD})},
author = {N. Zacharias and D.~G. Monet and S.~E. Levine and S.~E. Urban and R. Gaume and G.~L. Wycoff},
booktitle = {Americal Astronomical Society 205th Meeting},
year = {2005},
}

@misc{an,
title = {http://astrometry.net},
key = {an},
}

@misc{ mackay2005,
  title = {Astronomical Image Recognition},
  author = {David MacKay and Sam Roweis},
  howpublished = {http://www.inference.phy.cam.ac.uk/mackay/presentations/stars}
}

@ARTICLE{ groth1986,
   author = {{Groth}, E.~J.},
    title = "{A pattern-matching algorithm for two-dimensional coordinate lists}",
  journal = {\aj},
     year = 1986,
    month = may,
   volume = 91,
    pages = {1244-1248},
      doi = {10.1086/114099},
   adsurl = {http://adsabs.harvard.edu/abs/1986AJ.....91.1244G},
  adsnote = {Provided by the Smithsonian/NASA Astrophysics Data System}
}


@article{ liebe2004,
title = {Toward a Stellar Gyroscope for Spacecraft Attitude Determination},
author = {Carl Christian Liebe and Konstantin Gromov and David Matthew Meller},
journal = {Journal of Guidance, Control, and Dynamics},
year = {2004},
volume = {27},
number = {1},
pages = {91--99}
}

@techreport{ padgett1996,
  title={Evaluation of Star Identification Techniques},
  author={Padgett, Curtis and Kreutz-Delago, Kenneth and Udomkesmalee, Suraphol},
  year = {1996},
 institution = {Jet Propulsion Laboratory},
 number = {JPL 2014/27647}
}

@article{dong2006,
author = {Ying Dong and Fei Xing and Zheng You},
title = {Brightness Independent 4-Star Matching Algorithm for Lost-in-Space 3-Axis Attitude Acquisition},
journal = {Tsinghua Science \& Technology},
volume = {11},
number = {5},
year = {2006},
pages = {543--548},
}

% 1998AJ....116.3040G,
% and {Carr}, M. and {Rockosi}, C. and {Sekiguchi}, M. and 
%	{Berry}, K. and {Elms}, B. and {de Haas}, E. and {Ivezi{\'c}}, {\v Z}. and 
%	{Knapp}, G. and {Lupton}, R. and {Pauls}, G. and {Simcoe}, R. and 
%	{Hirsch}, R. and {Sanford}, D. and {Wang}, S. and {York}, D. and 
%	{Harris}, F. and {Annis}, J. and {Bartozek}, L. and {Boroski}, W. and 
%	{Bakken}, J. and {Haldeman}, M. and {Kent}, S. and {Holm}, S. and 
%	{Holmgren}, D. and {Petravick}, D. and {Prosapio}, A. and {Rechenmacher}, R. and 
%	{Doi}, M. and {Fukugita}, M. and {Shimasaku}, K. and {Okada}, N. and 
%	{Hull}, C. and {Siegmund}, W. and {Mannery}, E. and {Blouke}, M. and 
%	{Heidtman}, D. and {Schneider}, D. and {Lucinio}, R. and {Brinkman}, J.
%	},
@ARTICLE{sdsscamera,
   author = {{Gunn}, J.~E. and others},
    title = "{The Sloan Digital Sky Survey Photometric Camera}",
  journal = {\aj},
   eprint = {arXiv:astro-ph/9809085},
 keywords = {ASTROMETRY, ATLASES, CATALOGS, COSMOLOGY: OBSERVATIONS, INSTRUMENTATION: DETECTORS, INSTRUMENTATION: PHOTOMETERS, SURVEYS},
     year = 1998,
    month = dec,
   volume = 116,
    pages = {3040-3081},
      doi = {10.1086/300645},
   adsurl = {http://adsabs.harvard.edu/abs/1998AJ....116.3040G},
  adsnote = {Provided by the SAO/NASA Astrophysics Data System},
   note = {arXiv:astro-ph/9809085},
}



@article{ padgett1997,
author = { Padgett, C. and Kreutz-Delgado, K.},
journal = {IEEE Transactions on Aerospace and Electronic Systems}, 
title = {A grid algorithm for autonomous star identification},
year = {1997},
volume = {33},
number = {1},
pages = {202--213}
}

@inproceedings{ beinglass1991,
  title = {Articulated object recognition, or: how to generalize the generalized Hough transform},
  author = {Beinglass, A. and Wolfson, H.~J.},
  booktitle = {IEEE Computer Society Conference on Computer Vision and Pattern Recognition 1991},
  year = {1991},
  pages = {461--466},
}

@article{ ballard1981,
  author = {D.~H. Ballard},
  title = {Generalizing the {H}ough Transform to Detect Arbitrary Shapes},
  journal = {Pattern Recognition},
  volume = {13},
  number = {2},
  pages = {111--122},
  year = {1981}
}

@article{ duda1972,
  author = {Duda, R.~O. and P.~E. Hart},
  title = {Use of the {H}ough Transformation to Detect Lines and Curves in Pictures},
  journal = {Communications of the ACM},
  volume = {15},
  pages = {11--15},
  year = {1972},
}

@inbook{ dickinson1999,
  title = {Object Representation and Recognition},
  author = {S. Dickinson},
  editor = {E. Lepore and Z. Pylyshyn},
  booktitle = {What is Cognitive Science?},
  publisher = {Basil Blackwell},
  year = {1999},
  pages = {172--207}
}

@article{ bretzner2000,
  title = {Qualitative Multi-Scale Feature Hierarchies for Object Tracking},
  author = {Lars Bretzner and Tony Lindeberg},
  journal = {Journal of Visual Communication and Image Representation},
  volume = {11},
  pages = {115--129},
  year = {2000}
}


@article{ fischler1981,
 author = {Martin A. Fischler and Robert C. Bolles},
 title = {Random sample consensus: a paradigm for model fitting with applications to image analysis and automated cartography},
 journal = {Communications of the ACM},
 volume = {24},
 number = {6},
 year = {1981},
 issn = {0001-0782},
 pages = {381--395},
 doi = {http://doi.acm.org/10.1145/358669.358692},
 publisher = {ACM Press},
 address = {New York, NY, USA},
 }

@article{ bloom1970,
 author = {Burton H. Bloom},
 title = {Space/time trade-offs in hash coding with allowable errors},
 journal = {Communications of the ACM},
 volume = {13},
 number = {7},
 year = {1970},
 issn = {0001-0782},
 pages = {422--426},
 doi = {http://doi.acm.org/10.1145/362686.362692},
 publisher = {ACM Press},
 address = {New York, NY, USA},
 }


@inproceedings{chazelle2004,
 author = {Bernard Chazelle and Joe Kilian and Ronitt Rubinfeld and Ayellet Tal},
 title = {The {B}loomier filter: an efficient data structure for static support lookup tables},
 booktitle = {SODA '04: Proceedings of the fifteenth annual ACM-SIAM symposium on Discrete algorithms},
 year = {2004},
 isbn = {0-89871-558-X},
 pages = {30--39},
 location = {New Orleans, Louisiana},
 publisher = {Society for Industrial and Applied Mathematics},
 address = {Philadelphia, PA, USA},
 }


@inproceedings{ arya1993,
 author = {Sunil Arya and David M. Mount},
 title = {Approximate nearest neighbor queries in fixed dimensions},
 booktitle = {SODA '93: Proceedings of the fourth annual ACM-SIAM {S}ymposium {O}n {D}iscrete {A}lgorithms},
 year = {1993},
 isbn = {0-89871-313-7},
 pages = {271--280},
 location = {Austin, Texas, United States},
 publisher = {Society for Industrial and Applied Mathematics},
 address = {Philadelphia, PA, USA},
 }

@article{ hjaltason2003,
 author = {Gisli R. Hjaltason and Hanan Samet},
 title = {Index-driven similarity search in metric spaces (Survey Article)},
 journal = {ACM Trans. Database Syst.},
 volume = {28},
 number = {4},
 year = {2003},
 issn = {0362-5915},
 pages = {517--580},
 doi = {http://doi.acm.org/10.1145/958942.958948},
 publisher = {ACM Press},
 address = {New York, NY, USA},
 }

@article{uhlmann1991,
author = {J.~K. Uhlmann},
title = {Satisfying general proximity/similarity queries with metric trees},
journal = {Information Processing Letters},
volume = {40},
number = {4},
pages = {175--179},
month = {Nov},
year = {1991},
}

@article{uhlmann1991b,
  author = {J.~K. Uhlmann},
  title = {Metric trees},
  journal = {Applied Mathematics Letters},
  volume = {4},
  number = {5},
  year = {1991},
  pages = {61--62}
}

@techreport{ moore2000,
   author = "Andrew Moore",
   title = "The {A}nchors {H}ierarchy: Using the triangle inequality to survive high dimensional data",
   institution = "Robotics {I}nstitute, {C}arnegie {M}ellon {U}niversity",
   month = "February",
   year = "2000",
   number = "CMU-RI-TR-00-05",
   address = "Pittsburgh, PA"
}

@InProceedings{ triggs2000,
  author       = "Bill Triggs and P. McLauchlan and Richard Hartley and A. Fitzgibbon",
  title        = "Bundle Adjustment---A Modern Synthesis",
  booktitle    = "Vision Algorithms: Theory and Practice",
  series       = "Lecture Notes in Computer Science",
  volume       = "1883",
  pages        = "298--372",
  year         = "2000",
  editor       = "B. Triggs and A. Zisserman and R. Szeliski",
  publisher    = "Springer-Verlag",
  keywords     = "MOVI, CUMULI",
  url          = "http://lear.inrialpes.fr/pubs/2000/TMHF00"
}

@inproceedings{ lefebvre2006,
 author = {Sylvain Lefebvre and Hugues Hoppe},
 title = {Perfect spatial hashing},
 booktitle = {SIGGRAPH '06: ACM SIGGRAPH 2006 Papers},
 year = {2006},
 isbn = {1-59593-364-6},
 pages = {579--588},
 location = {Boston, Massachusetts},
 doi = {http://doi.acm.org/10.1145/1179352.1141926},
 publisher = {ACM Press},
 address = {New York, NY, USA},
 }



@inproceedings{ deng1995,
    Year = {1995},
    Pages = {1233--1239},
    Publisher = {Morgan Kaufmann},
    Address = {San Francisco},
    Booktitle = {Proceedings of the Twelfth International Joint Conference on Artificial Intellingence},
    Author = { Kan Deng and Andrew Moore },
    Title = {Multiresolution Instance-based Learning}
}

@article{ kirkpatrick1983,
  author = {David G. Kirkpatrick},
  year = {1983},
  title = {Optimal Search in Planar Subdivisions},
  journal = {SIAM Journal on Computing},
  volume = {12},
  number = {1},
  pages = {28--35},
}

@article{ bartlett2002,
  author = {M.~S. Bartlett and J.~R. Movellan and T.~J. Sejnowski},
  title = {Face Recognition by {I}ndependent {C}omponent {A}nalysis},
  journal = {IEEE Transactions on Neural Networks},
  volume = {13},
  number = {6},
  year = {2002},
  pages = {1450--1464}
}

