@phdthesis{ dstnthesis,
Author = {Dustin Lang},
Title = {Astrometry.net: Automatic recognition and calibration of astronomical images},
School = {University of Toronto},
Year = {2009},
Type = {{PhD} in {C}omputer {S}cience},
Address = {10 King's College Road, Toronto, Ontario M5S 3G4, Canada},
}


@MISC{Yairi04covisibility-basedmap,
    author = {Takehisa Yairi},
    title = {Covisibility-based Map Learning Method for Mobile Robots},
    year = {2004}
}

@INPROCEEDINGS{Thrun98aprobabilistic,
    author = {Sebastian Thrun and Wolfram Burgard and Dieter Fox and Henry Hexmoor and Maja Mataric},
    title = {A Probabilistic Approach to Concurrent Mapping and Localization for Mobile Robots},
    booktitle = {Machine Learning},
    year = {1998},
    pages = {29--53}
}

@INPROCEEDINGS{yairi01,
    author = {Takehisa Yairi and Kosuke Hirama and Koichi Hori},
    title = {Fast and Simple Topological Map Construction Based on Cooccurrence Frequency of Landmark Observation},
    booktitle = {In Proc. IEEE/RSJ Int. Conf. on Intelligent Robots and Systems (IROSâ€™01},
    year = {2001},
    pages = {1263--1268},
doi={10.1109/IROS.2001.977156},
}

%@INPROCEEDINGS{yairi01,
%title={Fast and simple topological map construction based on cooccurrence frequency of landmark observation},
%author={Yairi, T. and Hirama, K. and Hori, K.},
%booktitle={Intelligent Robots and Systems, 2001. Proceedings. 2001 IEEE/RSJ International Conference on},
%year={2001},
%month={},
%volume={3},
%number={},
%pages={1263-1268 vol.3},
%keywords={mobile robots, object recognition, optimisation, path planning, robot vision, topologyheuristics, landmark observation, mobile robot, multidimensional scaling, multivariate data analysis, object recognition, path planning, robot vision, topological map},
%doi={10.1109/IROS.2001.977156},
%ISSN={},
%}

@article{lowe1987,
  author = {David G. Lowe},
  title = {"Three-dimensional object recognition from single two-dimensional images"},
  journal = {Artificial Intelligence},
  volume = {31},
  number = {3},
  month = {March},
  year = {1987},
  pages = {355--395},
}

% 2009AAS...21346910N,
@INPROCEEDINGS{deepsky,
   author = {{Nugent}, P.~E. and {Palomar Transient Factory} and {DeepSky Project}},
    title = "{DeepSky and PTF: A New Era Begins}",
booktitle = {Bulletin of the American Astronomical Society},
     year = 2009,
   series = {Bulletin of the American Astronomical Society},
   volume = 41,
    month = jan,
    pages = {419-+},
   adsurl = {http://adsabs.harvard.edu/abs/2009AAS...21346910N},
  adsnote = {Provided by the SAO/NASA Astrophysics Data System}
}

% 2009AAS...21342702D,
@INPROCEEDINGS{palomarquest,
   author = {{Djorgovski}, S.~G. and {Mahabal}, A. and {Drake}, A. and {Donalek}, C. and 
	{Glikman}, E. and {Graham}, M. and {Williams}, R. and {Morton}, T. and 
	{Bauer}, A. and {Baltay}, C. and {Rabinowitz}, D. and {Scalzo}, R. and 
	{Nugent}, P. and {Palomar-Quest Survey Team}},
    title = "{Exploration of the Time Domain With Palomar-Quest Survey}",
booktitle = {Bulletin of the American Astronomical Society},
     year = 2009,
   series = {Bulletin of the American Astronomical Society},
   volume = 41,
    month = jan,
    pages = {258-+},
   adsurl = {http://adsabs.harvard.edu/abs/2009AAS...21342702D},
  adsnote = {Provided by the SAO/NASA Astrophysics Data System}
}

%2002SPIE.4836...61A,
@INPROCEEDINGS{nearbysnfactory,
   author = {{Aldering}, G. and {Adam}, G. and {Antilogus}, P. and {Astier}, P. and 
	{Bacon}, R. and {Bongard}, S. and {Bonnaud}, C. and {Copin}, Y. and 
	{Hardin}, D. and {Henault}, F. and {Howell}, D.~A. and {Lemonnier}, J.-P. and 
	{Levy}, J.-M. and {Loken}, S.~C. and {Nugent}, P.~E. and {Pain}, R. and 
	{Pecontal}, A. and {Pecontal}, E. and {Perlmutter}, S. and {Quimby}, R.~M. and 
	{Schahmaneche}, K. and {Smadja}, G. and {Wood-Vasey}, W.~M.},
    title = "{Overview of the Nearby Supernova Factory}",
     year = 2002,
booktitle = {Society of Photo-Optical Instrumentation Engineers (SPIE) Conference Series},
   volume = 4836,
   editor = {{Tyson}, J.~A. and {Wolff}, S.},
    month = dec,
    pages = {61--72},
      doi = {10.1117/12.458107},
   adsurl = {http://adsabs.harvard.edu/abs/2002SPIE.4836...61A},
  adsnote = {Provided by the SAO/NASA Astrophysics Data System}
}



%2006vopc.conf...54M,
@INPROCEEDINGS{harvardplates,
   author = {{Mink}, D. and {Doane}, A. and {Simcoe}, R. and {Los}, E. and 
	{Grindlay}, J.},
    title = "{The Harvard Plate Scanning Project}",
booktitle = {Virtual Observatory: Plate Content Digitization, Archive Mining and Image Sequence Processing},
     year = 2006,
   editor = {{Tsvetkov}, M. and {Golev}, V. and {Murtagh}, F. and {Molina}, R.},
publisher = {Heron Press},
    month = apr,
    pages = {54--60},
   adsurl = {http://adsabs.harvard.edu/abs/2006vopc.conf...54M},
  adsnote = {Provided by the SAO/NASA Astrophysics Data System}
}

%{Blacker}, B. and {Dickinson}, M. and {Dixon}, W.~V.~D. and {Ferguson}, H.~C. and {Fruchter}, A.~S. and {Giavalisco}, M. and {Gilliland}, R.~L. and {Heyer}, I. and {Katsanis}, R. and {Levay}, Z. and {Lucas}, R.~A. and {McElroy}, D.~B. and {Petro}, L. and {Postman}, M. and {Adorf}, H.-M. and {Hook}, R.
@ARTICLE{hubbledeepfield,
   author = {{Williams}, R.~E. and others},
    title = "{The Hubble Deep Field: Observations, Data Reduction, and Galaxy Photometry}",
  journal = {\aj},
   eprint = {arXiv:astro-ph/9607174},
 keywords = {GALAXIES: PHOTOMETRY, GALAXIES: EVOLUTION},
     year = 1996,
    month = oct,
   volume = 112,
    pages = {1335-+},
      doi = {10.1086/118105},
   adsurl = {http://adsabs.harvard.edu/abs/1996AJ....112.1335W},
  adsnote = {Provided by the SAO/NASA Astrophysics Data System},
   note = {arXiv:astro-ph/9607174},
}

%2000AJ....120.1579Y,
% and {Adelman}, J. and {Anderson}, Jr., J.~E. and {Anderson}, S.~F. and {Annis}, J. and {Bahcall}, N.~A. and {Bakken}, J.~A. and {Barkhouser}, R. and {Bastian}, S. and {Berman}, E. and {Boroski}, W.~N. and {Bracker}, S. and {Briegel}, C. and {Briggs}, J.~W. and {Brinkmann}, J. and {Brunner}, R. and {Burles}, S. and {Carey}, L. and {Carr}, M.~A. and {Castander}, F.~J. and {Chen}, B. and {Colestock}, P.~L. and {Connolly}, A.~J. and {Crocker}, J.~H. and {Csabai}, I. and {Czarapata}, P.~C. and {Davis}, J.~E. and {Doi}, M. and {Dombeck}, T. and {Eisenstein}, D. and {Ellman}, N. and {Elms}, B.~R. and {Evans}, M.~L. and {Fan}, X. and {Federwitz}, G.~R. and {Fiscelli}, L. and {Friedman}, S. and {Frieman}, J.~A. and {Fukugita}, M. and {Gillespie}, B. and {Gunn}, J.~E. and {Gurbani}, V.~K. and {de Haas}, E. and {Haldeman}, M. and {Harris}, F.~H. and {Hayes}, J. and {Heckman}, T.~M. and {Hennessy}, G.~S. and {Hindsley}, R.~B. and {Holm}, S. and {Holmgren}, D.~J. and {Huang}, C.-h. and {Hull}, C. and {Husby}, D. and {Ichikawa}, S.-I. and {Ichikawa}, T. and {Ivezi{\'c}}, {\v Z}. and {Kent}, S. and {Kim}, R.~S.~J. and {Kinney}, E. and {Klaene}, M. and {Kleinman}, A.~N. and {Kleinman}, S. and {Knapp}, G.~R. and {Korienek}, J. and {Kron}, R.~G. and {Kunszt}, P.~Z. and {Lamb}, D.~Q. and {Lee}, B. and {Leger}, R.~F. and {Limmongkol}, S. and {Lindenmeyer}, C. and {Long}, D.~C. and {Loomis}, C. and {Loveday}, J. and {Lucinio}, R. and {Lupton}, R.~H. and {MacKinnon}, B. and {Mannery}, E.~J. and {Mantsch}, P.~M. and {Margon}, B. and {McGehee}, P. and {McKay}, T.~A. and {Meiksin}, A. and {Merelli}, A. and {Monet}, D.~G. and {Munn}, J.~A. and {Narayanan}, V.~K. and {Nash}, T. and {Neilsen}, E. and {Neswold}, R. and {Newberg}, H.~J. and {Nichol}, R.~C. and {Nicinski}, T. and {Nonino}, M. and {Okada}, N. and {Okamura}, S. and {Ostriker}, J.~P. and {Owen}, R. and {Pauls}, A.~G. and {Peoples}, J. and {Peterson}, R.~L. and {Petravick}, D. and {Pier}, J.~R. and {Pope}, A. and {Pordes}, R. and {Prosapio}, A. and {Rechenmacher}, R. and {Quinn}, T.~R. and {Richards}, G.~T. and {Richmond}, M.~W. and {Rivetta}, C.~H. and {Rockosi}, C.~M. and {Ruthmansdorfer}, K. and {Sandford}, D. and {Schlegel}, D.~J. and {Schneider}, D.~P. and {Sekiguchi}, M. and {Sergey}, G. and {Shimasaku}, K. and {Siegmund}, W.~A. and {Smee}, S. and {Smith}, J.~A. and {Snedden}, S. and {Stone}, R. and {Stoughton}, C. and {Strauss}, M.~A. and {Stubbs}, C. and {SubbaRao}, M. and {Szalay}, A.~S. and {Szapudi}, I. and {Szokoly}, G.~P. and {Thakar}, A.~R. and {Tremonti}, C. and {Tucker}, D.~L. and {Uomoto}, A. and {Vanden Berk}, D. and {Vogeley}, M.~S. and {Waddell}, P. and {Wang}, S.-i. and {Watanabe}, M. and {Weinberg}, D.~H. and {Yanny}, B. and {Yasuda}, N.},
@ARTICLE{sdsstechnical,
   author = {{York}, D.~G. and others},
    title = "{The Sloan Digital Sky Survey: Technical Summary}",
  journal = {\aj},
   eprint = {arXiv:astro-ph/0006396},
 keywords = {Cosmology: Observations, Instrumentation: Miscellaneous},
     year = 2000,
    month = sep,
   volume = 120,
    pages = {1579-1587},
      doi = {10.1086/301513},
   adsurl = {http://adsabs.harvard.edu/abs/2000AJ....120.1579Y},
  adsnote = {Provided by the SAO/NASA Astrophysics Data System},
   note = {arXiv:astro-ph/0006396},
}

%2008arXiv0805.2366I,
@misc{lsst,
   author = {{Ivezic}, Z. and {Tyson}, J.~A. and {Allsman}, R. and {Andrew}, J. and {Angel}, R.},
    title = "{LSST: from Science Drivers to Reference Design and Anticipated Data Products}",
   eprint = {arXiv:astro-ph/0805.2366},
   howpublished = {arXiv:astro-ph/0805.2366},
     year = 2008,
    month = may,
   adsurl = {http://adsabs.harvard.edu/abs/2008arXiv0805.2366I},
  adsnote = {Provided by the SAO/NASA Astrophysics Data System},
}

%2001ASPC..238....3S,
@INPROCEEDINGS{vo,
   author = {{Szalay}, A.~S.},
    title = "{The National Virtual Observatory}",
booktitle = {Astronomical Data Analysis Software and Systems X},
     year = 2001,
   series = {Astronomical Society of the Pacific Conference Series},
   volume = 238,
   editor = {{Harnden}, Jr., F.~R. and {Primini}, F.~A. and {Payne}, H.~E.
	},
    pages = {3-+},
   adsurl = {http://adsabs.harvard.edu/abs/2001ASPC..238....3S},
  adsnote = {Provided by the SAO/NASA Astrophysics Data System}
}

@MISC{siap,
      AUTHOR = {Tody, D. and Plante, R.},
      TITLE = "{Simple Image Access Specification Version 1.0}",
 year = {2009},
 month = {May},
      NOTE = "\texttt{http://ivoa.net/Documents/PR/DAL/PR-SIA-1.0-20090521.html}"
}

%San Francisco: Astronomical Society of the Pacific, 2006, p.204. 
@inproceedings{wcstools4,
  author = {{Mink}, D.~J.},
  title = "{WCSTools 4.0: Building Astrometry and Catalogs into Pipelines}",
  booktitle = {Astronomical Data Analysis Software and Systems 15},
%  series = {Astronomical Society of the Pacific Conference Series},
%  volume = {15},
series = {ASP Conference Series, Vol. 351},
  editor = {Gabriel, C. and Arviset, C. and Ponz, D. and Solano E.},
  year = {2006},
  pages = {204--}
}
 
% 1998DDA....30.0806M,
@INPROCEEDINGS{wcstools,
   author = {{Mink}, D.~J.},
    title = "{WCSTools: an Image Astrometry Toolkit}",
booktitle = {Bulletin of the American Astronomical Society},
     year = 1998,
   series = {Bulletin of the American Astronomical Society},
   volume = 30,
    month = sep,
    pages = {1144-+},
   adsurl = {http://adsabs.harvard.edu/abs/1998DDA....30.0806M},
  adsnote = {Provided by the SAO/NASA Astrophysics Data System}
}

% 2001ASPC..238..269L,
@INPROCEEDINGS{sdssimaging,
   author = {{Lupton}, R. and {Gunn}, J.~E. and {Ivezi{\'c}}, Z. and {Knapp}, G.~R. and 
	{Kent}, S.},
    title = "{The SDSS Imaging Pipelines}",
booktitle = {Astronomical Data Analysis Software and Systems X},
     year = 2001,
   series = {Astronomical Society of the Pacific Conference Series},
   volume = 238,
   editor = {{Harnden}, Jr., F.~R. and {Primini}, F.~A. and {Payne}, H.~E.
	},
    pages = {269-+},
   adsurl = {http://adsabs.harvard.edu/abs/2001ASPC..238..269L},
  adsnote = {Provided by the SAO/NASA Astrophysics Data System}
}


% 1996A&AS..117..393B,
@ARTICLE{sextractor,
   author = {{Bertin}, E. and {Arnouts}, S.},
    title = "{SExtractor: Software for source extraction.}",
  journal = {\aaps},
 keywords = {METHODS: DATA ANALYSIS, TECHNIQUES: IMAGE PROCESSING, GALAXIES: PHOTOMETRY},
     year = 1996,
    month = jun,
   volume = 117,
    pages = {393-404},
   adsurl = {http://adsabs.harvard.edu/abs/1996A%26AS..117..393B},
  adsnote = {Provided by the SAO/NASA Astrophysics Data System}
}

%2009ApJS..182..543A,
%{Adelman-McCarthy}, J.~K. and {Ag{\"u}eros}, M.~A. and {Allam}, S.~S. and {Allende Prieto}, C. and {An}, D. and {Anderson}, K.~S.~J. and {Anderson}, S.~F. and {Annis}, J. and {Bahcall}, N.~A. and {Bailer-Jones}, C.~A.~L. and {Barentine}, J.~C. and {Bassett}, B.~A. and {Becker}, A.~C. and {Beers}, T.~C. and {Bell}, E.~F. and {Belokurov}, V. and {Berlind}, A.~A. and {Berman}, E.~F. and {Bernardi}, M. and {Bickerton}, S.~J. and {Bizyaev}, D. and {Blakeslee}, J.~P. and {Blanton}, M.~R. and {Bochanski}, J.~J. and {Boroski}, W.~N. and {Brewington}, H.~J. and {Brinchmann}, J. and {Brinkmann}, J. and {Brunner}, R.~J. and {Budav{\'a}ri}, T. and {Carey}, L.~N. and {Carliles}, S. and {Carr}, M.~A. and {Castander}, F.~J. and {Cinabro}, D. and {Connolly}, A.~J. and {Csabai}, I. and {Cunha}, C.~E. and {Czarapata}, P.~C. and {Davenport}, J.~R.~A. and {de Haas}, E. and {Dilday}, B. and {Doi}, M. and {Eisenstein}, D.~J. and {Evans}, M.~L. and {Evans}, N.~W. and {Fan}, X. and {Friedman}, S.~D. and {Frieman}, J.~A. and {Fukugita}, M. and {G{\"a}nsicke}, B.~T. and {Gates}, E. and {Gillespie}, B. and {Gilmore}, G. and {Gonzalez}, B. and {Gonzalez}, C.~F. and {Grebel}, E.~K. and {Gunn}, J.~E. and {Gy{\"o}ry}, Z. and {Hall}, P.~B. and {Harding}, P. and {Harris}, F.~H. and {Harvanek}, M. and {Hawley}, S.~L. and {Hayes}, J.~J.~E. and {Heckman}, T.~M. and {Hendry}, J.~S. and {Hennessy}, G.~S. and {Hindsley}, R.~B. and {Hoblitt}, J. and {Hogan}, C.~J. and {Hogg}, D.~W. and {Holtzman}, J.~A. and {Hyde}, J.~B. and {Ichikawa}, S.-i. and {Ichikawa}, T. and {Im}, M. and {Ivezi{\'c}}, {\v Z}. and {Jester}, S. and {Jiang}, L. and {Johnson}, J.~A. and {Jorgensen}, A.~M. and {Juri{\'c}}, M. and {Kent}, S.~M. and {Kessler}, R. and {Kleinman}, S.~J. and {Knapp}, G.~R. and {Konishi}, K. and {Kron}, R.~G. and {Krzesinski}, J. and {Kuropatkin}, N. and {Lampeitl}, H. and {Lebedeva}, S. and {Lee}, M.~G. and {Lee}, Y.~S. and {Leger}, R.~F. and {L{\'e}pine}, S. and {Li}, N. and {Lima}, M. and {Lin}, H. and {Long}, D.~C. and {Loomis}, C.~P. and {Loveday}, J. and {Lupton}, R.~H. and {Magnier}, E. and {Malanushenko}, O. and {Malanushenko}, V. and {Mandelbaum}, R. and {Margon}, B. and {Marriner}, J.~P. and {Mart{\'{\i}}nez-Delgado}, D. and {Matsubara}, T. and {McGehee}, P.~M. and {McKay}, T.~A. and {Meiksin}, A. and {Morrison}, H.~L. and {Mullally}, F. and {Munn}, J.~A. and {Murphy}, T. and {Nash}, T. and {Nebot}, A. and {Neilsen}, E.~H. and {Newberg}, H.~J. and {Newman}, P.~R. and {Nichol}, R.~C. and {Nicinski}, T. and {Nieto-Santisteban}, M. and {Nitta}, A. and {Okamura}, S. and {Oravetz}, D.~J. and {Ostriker}, J.~P. and {Owen}, R. and {Padmanabhan}, N. and {Pan}, K. and {Park}, C. and {Pauls}, G. and {Peoples}, J. and {Percival}, W.~J. and {Pier}, J.~R. and {Pope}, A.~C. and {Pourbaix}, D. and {Price}, P.~A. and {Purger}, N. and {Quinn}, T. and {Raddick}, M.~J. and {Fiorentin}, P.~R. and {Richards}, G.~T. and {Richmond}, M.~W. and {Riess}, A.~G. and {Rix}, H.-W. and {Rockosi}, C.~M. and {Sako}, M. and {Schlegel}, D.~J. and {Schneider}, D.~P. and {Scholz}, R.-D. and {Schreiber}, M.~R. and {Schwope}, A.~D. and {Seljak}, U. and {Sesar}, B. and {Sheldon}, E. and {Shimasaku}, K. and {Sibley}, V.~C. and {Simmons}, A.~E. and {Sivarani}, T. and {Smith}, J.~A. and {Smith}, M.~C. and {Smol{\v c}i{\'c}}, V. and {Snedden}, S.~A. and {Stebbins}, A. and {Steinmetz}, M. and {Stoughton}, C. and {Strauss}, M.~A. and {Subba Rao}, M. and {Suto}, Y. and {Szalay}, A.~S. and {Szapudi}, I. and {Szkody}, P. and {Tanaka}, M. and {Tegmark}, M. and {Teodoro}, L.~F.~A. and {Thakar}, A.~R. and {Tremonti}, C.~A. and {Tucker}, D.~L. and {Uomoto}, A. and {Vanden Berk}, D.~E. and {Vandenberg}, J. and {Vidrih}, S. and {Vogeley}, M.~S. and {Voges}, W. and {Vogt}, N.~P. and {Wadadekar}, Y. and {Watters}, S. and {Weinberg}, D.~H. and {West}, A.~A. and {White}, S.~D.~M. and {Wilhite}, B.~C. and {Wonders}, A.~C. and {Yanny}, B. and {Yocum}, D.~R. and {York}, D.~G. and {Zehavi}, I. and {Zibetti}, S. and {Zucker}, D.~B.},
@ARTICLE{sdssdr7,
   author = {{Abazajian}, K.~N. and others},
    title = "{The Seventh Data Release of the Sloan Digital Sky Survey}",
  journal = {\apjs},
archivePrefix = "arXiv",
   eprint = {0812.0649},
 keywords = {atlases, catalogs, surveys },
     year = 2009,
    month = jun,
   volume = 182,
    pages = {543-558},
      doi = {10.1088/0067-0049/182/2/543},
   adsurl = {http://adsabs.harvard.edu/abs/2009ApJS..182..543A},
  adsnote = {Provided by the SAO/NASA Astrophysics Data System},
  note = {arXiv:0812.0649},
}

%2003AAS...203.9601M,
@INPROCEEDINGS{galex,
   author = {{Martin}, C. and {GALEX Science Team}},
    title = "{The Galaxy Evolution Explorer (GALEX)}",
booktitle = {Bulletin of the American Astronomical Society},
     year = 2003,
   series = {Bulletin of the American Astronomical Society},
   volume = 35,
    month = dec,
    pages = {1363-+},
   adsurl = {http://adsabs.harvard.edu/abs/2003AAS...203.9601M},
  adsnote = {Provided by the SAO/NASA Astrophysics Data System}
}



%1999MmSAI..70..365B,
@ARTICLE{galex1,
   author = {{Bianchi}, L. and {The GALEX Team}},
    title = "{The Galaxy Evolution Explorer (GALEX): an All Sky Ultraviolet Survey}",
  journal = {Memorie della Societa Astronomica Italiana},
     year = 1999,
   volume = 70,
    pages = {365-+},
   adsurl = {http://adsabs.harvard.edu/abs/1999MmSAI..70..365B},
  adsnote = {Provided by the SAO/NASA Astrophysics Data System}
}



%2007ApJ...660L...1D,
%{Guhathakurta}, P. and {Konidaris}, N.~P. and  {Newman}, J.~A. and {Ashby}, M.~L.~N. and {Biggs}, A.~D. and  {Barmby}, P. and {Bundy}, K. and {Chapman}, S.~C. and {Coil}, A.~L. and  {Conselice}, C.~J. and {Cooper}, M.~C. and {Croton}, D.~J. and  {Eisenhardt}, P.~R.~M. and {Ellis}, R.~S. and {Faber}, S.~M. and  {Fang}, T. and {Fazio}, G.~G. and {Georgakakis}, A. and {Gerke}, B.~F. and  {Goss}, W.~M. and {Gwyn}, S. and {Harker}, J. and {Hopkins}, A.~M. and  {Huang}, J.-S. and {Ivison}, R.~J. and {Kassin}, S.~A. and {Kirby}, E.~N. and  {Koekemoer}, A.~M. and {Koo}, D.~C. and {Laird}, E.~S. and {Le Floc'h}, E. and  {Lin}, L. and {Lotz}, J.~M. and {Marshall}, P.~J. and {Martin}, D.~C. and  {Metevier}, A.~J. and {Moustakas}, L.~A. and {Nandra}, K. and  {Noeske}, K.~G. and {Papovich}, C. and {Phillips}, A.~C. and  {Rich}, R.~M. and {Rieke}, G.~H. and {Rigopoulou}, D. and {Salim}, S. and  {Schiminovich}, D. and {Simard}, L. and {Smail}, I. and {Small}, T.~A. and  {Weiner}, B.~J. and {Willmer}, C.~N.~A. and {Willner}, S.~P. and  {Wilson}, G. and {Wright}, E.~L. and {Yan}, R.},
@ARTICLE{aegis,
   author = {{Davis}, M. and others},
    title = "{The All-Wavelength Extended Groth Strip International Survey (AEGIS) Data Sets}",
  journal = {\apjl},
   eprint = {arXiv:astro-ph/0607355},
 keywords = {Galaxies: Photometry, Infrared: Galaxies, Radio Continuum: Galaxies, Surveys, Ultraviolet: Galaxies, X-Rays: Galaxies},
     year = 2007,
    month = may,
   volume = 660,
    pages = {L1-L6},
      doi = {10.1086/517931},
   adsurl = {http://adsabs.harvard.edu/abs/2007ApJ...660L...1D},
  adsnote = {Provided by the SAO/NASA Astrophysics Data System},
   note = {arXiv:astro-ph/0607355},
}

% 2005ASPC..338..156S,
@INPROCEEDINGS{astrometryandvo,
   author = {{Schade}, D.},
    title = "{Astrometry and the Virtual Observatory}",
booktitle = {Astrometry in the Age of the Next Generation of Large Telescopes},
     year = 2005,
   series = {Astronomical Society of the Pacific Conference Series},
   volume = 338,
   editor = {{Seidelmann}, P.~K. and {Monet}, A.~K.~B.},
    month = oct,
    pages = {156-+},
   adsurl = {http://adsabs.harvard.edu/abs/2005ASPC..338..156S},
  adsnote = {Provided by the SAO/NASA Astrophysics Data System}
}

% 2006ASPC..351..406J,
@INPROCEEDINGS{hla,
   author = {{Jenkner}, H. and {Doxsey}, R.~E. and {Hanisch}, R.~J. and {Lubow}, S.~H. and 
	{Miller}, III, W.~W. and {White}, R.~L.},
    title = "{Concept for the Hubble Legacy Archive}",
booktitle = {Astronomical Data Analysis Software and Systems XV},
     year = 2006,
   series = {Astronomical Society of the Pacific Conference Series},
   volume = 351,
   editor = {{Gabriel}, C. and {Arviset}, C. and {Ponz}, D. and {Enrique}, S.
	},
    month = jul,
    pages = {406-+},
   adsurl = {http://adsabs.harvard.edu/abs/2006ASPC..351..406J},
  adsnote = {Provided by the SAO/NASA Astrophysics Data System}
}

%1998SPIE.3356..234F,
%{Bartko}, F. and {Bely}, P.~Y. and {Broadhurst}, T. and {Burrows}, C.~J. and {Cheng}, E.~S. and {Clampin}, M. and {Crocker}, J.~H. and {Feldman}, P.~D. and {Golimowski}, D.~A. and {Hartig}, G.~F. and {Illingworth}, G. and {Kimble}, R.~A. and {Lesser}, M.~P. and {Miley}, G. and {Neff}, S.~G. and {Postman}, M. and {Sparks}, W.~B. and {Tsvetanov}, Z. and {White}, R.~L. and {Sullivan}, P. and {Krebs}, C.~A. and {Leviton}, D.~B. and {La Jeunesse}, T. and {Burmester}, W. and {Fike}, S. and {Johnson}, R. and {Slusher}, R.~B. and {Volmer}, P. and {Woodruff}, R.~A.},
@INPROCEEDINGS{acs,
   author = {{Ford}, H.~C. and others},
    title = "{Advanced camera for the Hubble Space Telescope}",
booktitle = {Society of Photo-Optical Instrumentation Engineers (SPIE) Conference Series},
     year = 1998,
   series = {Presented at the Society of Photo-Optical Instrumentation Engineers (SPIE) Conference},
   volume = 3356,
   editor = {{Bely}, P.~Y. and {Breckinridge}, J.~B.},
    month = aug,
    pages = {234-248},
   adsurl = {http://adsabs.harvard.edu/abs/1998SPIE.3356..234F},
  adsnote = {Provided by the SAO/NASA Astrophysics Data System}
}


