%Mikolajczyk05acomparison,
@ARTICLE{affineinvariant,
    author = {K. Mikolajczyk and T. Tuytelaars and C. Schmid and A. Zisserman and J. Matas and F. Schaffalitzky and T. Kadir and L. Van Gool},
    title = {A comparison of affine region detectors},
    journal = {{I}nternational {J}ournal of {C}omputer {V}ision},
    year = {2005},
    volume = {65},
    pages = {43--72}
}

@Article{tycho2,
     author    = {H\o{}g, E. and others},
     title     = {The Tycho-2 catalogue of the 2.5 million brightest
                  stars},
     journal   = {\aap},
     volume    = {355},
     year      = {2000},
     pages     = {L27--30},
}

@article{macdonald1990,
author = {David J. MacDonald and Kellogg S. Booth},
title = {Heuristics for ray tracing using space subdivision},
journal = {The Visual Computer},
volume = {6},
number = {3},
year = {1990},
issn = {0178-2789},
pages = {153--166},
doi = {http://dx.doi.org/10.1007/BF01911006},
publisher = {Springer-Verlag New York, Inc.},
address = {Secaucus, NJ, USA},
} 

@inproceedings{andoni2006,
  author    = {Alexandr Andoni and
               Piotr Indyk},
  title     = {Near-Optimal Hashing Algorithms for Approximate Nearest
               Neighbor in High Dimensions.},
  booktitle = {Foundations Of Computer Science},
  year      = {2006},
  pages     = {459-468},
  ee        = {http://doi.ieeecomputersociety.org/10.1109/FOCS.2006.49},
  crossref  = {DBLP:conf/focs/2006},
  bibsource = {DBLP, http://dblp.uni-trier.de}
}

@proceedings{DBLP:conf/focs/2006,
  title     = {47th Annual IEEE Symposium on Foundations of Computer Science
               (FOCS 2006), 21-24 October 2006, Berkeley, California, USA,
               Proceedings},
  booktitle = {Foundations Of Computer Science},
  publisher = {IEEE Computer Society},
  year      = {2006},
  isbn      = {0-7695-2720-5},
  bibsource = {DBLP, http://dblp.uni-trier.de}
}

@techreport{goldstein2003,
  author = { Jonathan Goldstein and John C Platt and Christopher J C Burges },
  title = { Indexing High Dimensional Rectangles for Fast Multimedia Identification },
  institution = { Microsoft Corporation },
  number = { MSR-TR-2003-38 },
  year = { 2003 }
}

@inproceedings{ burges2002,
  author = {Christopher J.~C. Burges and John C. Platt and Soumya Jana},
  title = {Extracting Noise-Robust Features from Audio Data},
  booktitle = {IEEE International Conference on Acoustics, Speech, and 
Signal Processing},
  year = {2002},
  pages = {I1021--1024},
  month = {May},
  url = {citeseer.ist.psu.edu/burges02extracting.html} }

@inproceedings{gionis1999,
  author    = {Aristides Gionis and
               Piotr Indyk and
               Rajeev Motwani},
  editor    = {Malcolm P. Atkinson and
               Maria E. Orlowska and
               Patrick Valduriez and
               Stanley B. Zdonik and
               Michael L. Brodie},
  title     = {Similarity Search in High Dimensions via Hashing},
  booktitle = {VLDB'99, Proceedings of 25th International Conference on Very
               Large Data Bases, September 7-10, 1999, Edinburgh, Scotland,
               UK},
  publisher = {Morgan Kaufmann},
  year      = {1999},
  isbn      = {1-55860-615-7},
  pages     = {518-529},
  ee        = {db/conf/vldb/GionisIM99.html},
  bibsource = {DBLP, http://dblp.uni-trier.de}
}


@inproceedings{datar2004,
  author    = {Mayur Datar and
               Nicole Immorlica and
               Piotr Indyk and
               Vahab S. Mirrokni},
  title     = {Locality-sensitive hashing scheme based on p-stable distributions.},
  booktitle = {Symposium on Computational Geometry},
  year      = {2004},
  pages     = {253-262},
  ee        = {http://doi.acm.org/10.1145/997817.997857},
  crossref  = {DBLP:conf/compgeom/2004},
  bibsource = {DBLP, http://dblp.uni-trier.de}
}

@proceedings{DBLP:conf/compgeom/2004,
  editor    = {Jack Snoeyink and
               Jean-Daniel Boissonnat},
  title     = {Proceedings of the 20th ACM Symposium on Computational Geometry,
               Brooklyn, New York, USA, June 8-11, 2004},
  booktitle = {Symposium on Computational Geometry},
  publisher = {ACM},
  year      = {2004},
  isbn      = {1-58113-885-7},
  bibsource = {DBLP, http://dblp.uni-trier.de}
}

@inproceedings{ amrani1994,
  author = { O Amrani and Y Be'ery },
  title = {Efficient bounded-distance decoding of the {H}exacode and associated decoders for the 
{L}eech lattice and the {G}olay code},
  title = {Proceedings of the IEEE International Symposium on Information Technology, ISIT 1994},
  year = {1994},
  pages = {400}
}

@inproceedings{arya1994,
 author = {Sunil Arya and David M. Mount and Nathan S. Netanyahu and Ruth Silverman and Angela Wu},
 title = {An optimal algorithm for approximate nearest neighbor searching},
 booktitle = {SODA '94: Proceedings of the fifth annual ACM-SIAM symposium on Discrete algorithms},
 year = {1994},
 isbn = {0-89871-329-3},
 pages = {573--582},
 location = {Arlington, Virginia, United States},
 publisher = {Society for Industrial and Applied Mathematics},
 address = {Philadelphia, PA, USA},
 }

@article{amrani1994b,
  author    = {Ofer Amrani and
               Yair Be'ery and
               Alexander Vardy and
               Feng-Wen Sun and
               Henk C.~A. van Tilborg},
  title     = {The Leech lattice and the Golay code: bounded-distance decoding
               and multilevel constructions.},
  journal   = {IEEE Transactions on Information Theory},
  volume    = {40},
  number    = {4},
  year      = {1994},
  pages     = {1030-1043},
  bibsource = {DBLP, http://dblp.uni-trier.de}
}

@article{friedman1977,
 author = {Jerome H. Freidman and Jon Louis Bentley and Raphael Ari Finkel},
 title = {An Algorithm for Finding Best Matches in Logarithmic Expected Time},
 journal = {ACM Trans. Math. Softw.},
 volume = {3},
 number = {3},
 year = {1977},
 issn = {0098-3500},
 pages = {209--226},
 doi = {http://doi.acm.org/10.1145/355744.355745},
 publisher = {ACM Press},
 address = {New York, NY, USA},
 }

@article{ clouse2000,
 author = {D.~S. Clouse and C.~W. Padgett},
  title = { Small field-of-view star identification using {B}ayesian decision theory},
  journal = { IEEE Transactions on Aerospace and Electronic Systems},
  volume = {36},
  number = {3},
  pages = {773--783},
  month = {Jul},
  year =  {2000}
}

@article{ sproull1991,
author = {Robert F. Sproull},
title={Refinements to nearest-neighbor searching in $k$-dimensional trees},
journal = {Algorithmica},
year = {1991},
volume = {6},
number = {1},
pages = {579--589}
}

@techreport{ storkey2005,
author = {Amos Storkey and Chris Williams and Emma Taylor and Robert G Mann},
title={An Expectation Maximisation Algorithm for One-to-Many Record Linkage, Illustrated on the Problem of Matching Far Infra-Red Astronomical Sources to Optical Counterparts},
institution={University of Edinburgh, School of Informatics},
number={EDI-INF-RR-0318},
year={2005}
}

@article{ dryden1999,
  journal = {Biometrics},
  volume = {55},
  number = {3},
  pages = {820--825},
  year = {1999},
  author = {Ian L. Dryden and Gary Walker},
  title = {Highly Resistant Regression and Object Matching}
}


@misc{ kaiser1999,
  author = {N. Kaiser and G. Wilson and G. Luppino and H. Dahle},
  title = {A Photometric Study of the Supercluster {MS0302} with the {UH8K} {CCD} Camera: Image Processing and Object Catalogs},
  year = {1999},
  eprint = {arXiv:astro-ph/9907229v1},
  howpublished = {arXiv:astro-ph/9907229v1},
}

@inbook{rousseeuw1984b,
	author = {Rousseeuw and Yohai},
	booktitle = {Robust and Nonlinear Time Series Analysis},
	citeulike-article-id = {572320},
	comment = {S-estimators},
	editor = {Frankle and Hardle and Martin},
	pages = {256--272},
	publisher = {Springer-Verlag},
	series = {Lecture Notes in Statistics 26},
	title = {Robust regression by means of s-estimators},
	year = {1984}
}

@article{ rousseeuw1984,
  author = {Rousseeuw, P.~J.},
  title = {Least Median of Squares Regression},
  journal = {Journal of the American Statistical Association},
  volume = {79},
  number = {388},
  pages = {871--880},
  year = {1984},
}

@article{gervini2002,
  author = {{Gervini, Daniel} and {Yohai, Victor J.}},
  journal = {The Annals of Statistics},
  month = {apr},
  number = {2},
  pages = {583--616},
  publisher = {Institute of Mathematical Statistics},
  title = {A Class of Robust and Fully Efficient Regression Estimators},
  volume = {30},
  year = {2002},
}

@inproceedings{ kirsch2006,
title={Less Hashing, Same Performance: Building a Better {B}loom Filter},
author = {A. Kirsch and  M. Mitzenmacher},
booktitle= {Proceedings of the 14th Annual European Symposium on Algorithms (ESA)},
year={2006}
}

@inproceedings{ kirsch2006b,
title={Distance-Sensitive {B}loom Filters},
author = {A. Kirsch and  M. Mitzenmacher},
booktitle= {Proceedings of the Eighth Workshop on Algorithm Engineering and Experiments (ALENEX)},
year={2006}
}

@article{ lowe2004,
author = {David G. Lowe},
title = {Distinctive image features from scale-invariant keypoints},
journal = {International Journal of Computer Vision},
volume = {60},
number = {2},
year = {2004},
pages = {91--110}
}

@inproceedings{ lowe1999,
author = {David G. Lowe},
title = {Object recognition from local scale-invariant features},
booktitle = {International Conference on Computer Vision},
year = {1999},
pages = {1150--1157}
}

@inproceedings{ lowe2001,
author = {David G. Lowe},
title = {Local feature view clustering for 3{D} object recognition},
booktitle = {IEEE Conference on Computer Vision and Pattern Recognition},
year = {2001},
pages = {682--688}
}

@article{ sdss-dr4,
   author = {{Adelman-McCarthy}, J.~K. and {Ag{\"u}eros}, M.~A. and {Allam}, S.~S. and 
	{Anderson}, K.~S.~J. and {Anderson}, S.~F. and {Annis}, J. and 
	{Bahcall}, N.~A. and {Baldry}, I.~K. and {Barentine}, J.~C. and 
	{Berlind}, A. and {Bernardi}, M. and {Blanton}, M.~R. and {Boroski}, W.~N. and 
	{Brewington}, H.~J. and {Brinchmann}, J. and {Brinkmann}, J. and 
	{Brunner}, R.~J. and {Budav{\'a}ri}, T. and {Carey}, L.~N. and 
	{Carr}, M.~A. and {Castander}, F.~J. and {Connolly}, A.~J. and 
	{Csabai}, I. and {Czarapata}, P.~C. and {Dalcanton}, J.~J. and 
	{Doi}, M. and {Dong}, F. and {Eisenstein}, D.~J. and {Evans}, M.~L. and 
	{Fan}, X. and {Finkbeiner}, D.~P. and {Friedman}, S.~D. and 
	{Frieman}, J.~A. and {Fukugita}, M. and {Gillespie}, B. and 
	{Glazebrook}, K. and {Gray}, J. and {Grebel}, E.~K. and {Gunn}, J.~E. and 
	{Gurbani}, V.~K. and {de Haas}, E. and {Hall}, P.~B. and {Harris}, F.~H. and 
	{Harvanek}, M. and {Hawley}, S.~L. and {Hayes}, J. and {Hendry}, J.~S. and 
	{Hennessy}, G.~S. and {Hindsley}, R.~B. and {Hirata}, C.~M. and 
	{Hogan}, C.~J. and {Hogg}, D.~W. and {Holmgren}, D.~J. and {Holtzman}, J.~A. and 
	{Ichikawa}, S.-i. and {Ivezi{\'c}}, {\v Z}. and {Jester}, S. and 
	{Johnston}, D.~E. and {Jorgensen}, A.~M. and {Juri{\'c}}, M. and 
	{Kent}, S.~M. and {Kleinman}, S.~J. and {Knapp}, G.~R. and {Kniazev}, A.~Y. and 
	{Kron}, R.~G. and {Krzesinski}, J. and {Kuropatkin}, N. and 
	{Lamb}, D.~Q. and {Lampeitl}, H. and {Lee}, B.~C. and {Leger}, R.~F. and 
	{Lin}, H. and {Long}, D.~C. and {Loveday}, J. and {Lupton}, R.~H. and 
	{Margon}, B. and {Mart{\'{\i}}nez-Delgado}, D. and {Mandelbaum}, R. and 
	{Matsubara}, T. and {McGehee}, P.~M. and {McKay}, T.~A. and 
	{Meiksin}, A. and {Munn}, J.~A. and {Nakajima}, R. and {Nash}, T. and 
	{Neilsen}, Jr., E.~H. and {Newberg}, H.~J. and {Newman}, P.~R. and 
	{Nichol}, R.~C. and {Nicinski}, T. and {Nieto-Santisteban}, M. and 
	{Nitta}, A. and {O'Mullane}, W. and {Okamura}, S. and {Owen}, R. and 
	{Padmanabhan}, N. and {Pauls}, G. and {Peoples}, J.~J. and {Pier}, J.~R. and 
	{Pope}, A.~C. and {Pourbaix}, D. and {Quinn}, T.~R. and {Richards}, G.~T. and 
	{Richmond}, M.~W. and {Rockosi}, C.~M. and {Schlegel}, D.~J. and 
	{Schneider}, D.~P. and {Schroeder}, J. and {Scranton}, R. and 
	{Seljak}, U. and {Sheldon}, E. and {Shimasaku}, K. and {Smith}, J.~A. and 
	{Smol{\v c}i{\'c}}, V. and {Snedden}, S.~A. and {Stoughton}, C. and 
	{Strauss}, M.~A. and {SubbaRao}, M. and {Szalay}, A.~S. and 
	{Szapudi}, I. and {Szkody}, P. and {Tegmark}, M. and {Thakar}, A.~R. and 
	{Tucker}, D.~L. and {Uomoto}, A. and {Vanden Berk}, D.~E. and 
	{Vandenberg}, J. and {Vogeley}, M.~S. and {Voges}, W. and {Vogt}, N.~P. and 
	{Walkowicz}, L.~M. and {Weinberg}, D.~H. and {West}, A.~A. and 
	{White}, S.~D.~M. and {Xu}, Y. and {Yanny}, B. and {Yocum}, D.~R. and 
	{York}, D.~G. and {Zehavi}, I. and {Zibetti}, S. and {Zucker}, D.~B.
	},
    title = {The Fourth Data Release of the {S}loan {D}igital {S}ky {S}urvey},
  journal = {\apjs},
   eprint = {arXiv:astro-ph/0507711},
     year = 2006,
    month = jan,
   volume = 162,
    pages = {38-48},
      doi = {10.1086/497917},
   adsurl = {http://adsabs.harvard.edu/abs/2006ApJS..162...38A},
  adsnote = {Provided by the Smithsonian/NASA Astrophysics Data System}
}


@inproceedings{ nomad,
title = {The {N}aval {O}bservatory {M}erged {A}strometric {D}ataset ({NOMAD})},
author = {N. Zacharias and D.~G. Monet and S.~E. Levine and S.~E. Urban and R. Gaume and G.~L. Wycoff},
booktitle = {Americal Astronomical Society 205th Meeting},
year = {2005},
}

@misc{an,
title = {http://astrometry.net},
key = {an},
}

@misc{ mackay2005,
  title = {Astronomical Image Recognition},
  author = {David MacKay and Sam Roweis},
  howpublished = {http://www.inference.phy.cam.ac.uk/mackay/presentations/stars}
}

@ARTICLE{ groth1986,
   author = {{Groth}, E.~J.},
    title = "{A pattern-matching algorithm for two-dimensional coordinate lists}",
  journal = {\aj},
     year = 1986,
    month = may,
   volume = 91,
    pages = {1244-1248},
      doi = {10.1086/114099},
   adsurl = {http://adsabs.harvard.edu/abs/1986AJ.....91.1244G},
  adsnote = {Provided by the Smithsonian/NASA Astrophysics Data System}
}


@article{ liebe2004,
title = {Toward a Stellar Gyroscope for Spacecraft Attitude Determination},
author = {Carl Christian Liebe and Konstantin Gromov and David Matthew Meller},
journal = {Journal of Guidance, Control, and Dynamics},
year = {2004},
volume = {27},
number = {1},
pages = {91--99}
}

@techreport{ padgett1996,
  title={Evaluation of Star Identification Techniques},
  author={Padgett, Curtis and Kreutz-Delago, Kenneth and Udomkesmalee, Suraphol},
  year = {1996},
 institution = {Jet Propulsion Laboratory},
 number = {JPL 2014/27647}
}

@article{dong2006,
author = {Ying Dong and Fei Xing and Zheng You},
title = {Brightness Independent 4-Star Matching Algorithm for Lost-in-Space 3-Axis Attitude Acquisition},
journal = {Tsinghua Science \& Technology},
volume = {11},
number = {5},
year = {2006},
pages = {543--548},
}

% 1998AJ....116.3040G,
% and {Carr}, M. and {Rockosi}, C. and {Sekiguchi}, M. and 
%	{Berry}, K. and {Elms}, B. and {de Haas}, E. and {Ivezi{\'c}}, {\v Z}. and 
%	{Knapp}, G. and {Lupton}, R. and {Pauls}, G. and {Simcoe}, R. and 
%	{Hirsch}, R. and {Sanford}, D. and {Wang}, S. and {York}, D. and 
%	{Harris}, F. and {Annis}, J. and {Bartozek}, L. and {Boroski}, W. and 
%	{Bakken}, J. and {Haldeman}, M. and {Kent}, S. and {Holm}, S. and 
%	{Holmgren}, D. and {Petravick}, D. and {Prosapio}, A. and {Rechenmacher}, R. and 
%	{Doi}, M. and {Fukugita}, M. and {Shimasaku}, K. and {Okada}, N. and 
%	{Hull}, C. and {Siegmund}, W. and {Mannery}, E. and {Blouke}, M. and 
%	{Heidtman}, D. and {Schneider}, D. and {Lucinio}, R. and {Brinkman}, J.
%	},
@ARTICLE{sdsscamera,
   author = {{Gunn}, J.~E. and others},
    title = "{The Sloan Digital Sky Survey Photometric Camera}",
  journal = {\aj},
   eprint = {arXiv:astro-ph/9809085},
 keywords = {ASTROMETRY, ATLASES, CATALOGS, COSMOLOGY: OBSERVATIONS, INSTRUMENTATION: DETECTORS, INSTRUMENTATION: PHOTOMETERS, SURVEYS},
     year = 1998,
    month = dec,
   volume = 116,
    pages = {3040-3081},
      doi = {10.1086/300645},
   adsurl = {http://adsabs.harvard.edu/abs/1998AJ....116.3040G},
  adsnote = {Provided by the SAO/NASA Astrophysics Data System},
   note = {arXiv:astro-ph/9809085},
}



@article{ padgett1997,
author = { Padgett, C. and Kreutz-Delgado, K.},
journal = {IEEE Transactions on Aerospace and Electronic Systems}, 
title = {A grid algorithm for autonomous star identification},
year = {1997},
volume = {33},
number = {1},
pages = {202--213}
}

@inproceedings{ beinglass1991,
  title = {Articulated object recognition, or: how to generalize the generalized Hough transform},
  author = {Beinglass, A. and Wolfson, H.~J.},
  booktitle = {IEEE Computer Society Conference on Computer Vision and Pattern Recognition 1991},
  year = {1991},
  pages = {461--466},
}

@article{ ballard1981,
  author = {D.~H. Ballard},
  title = {Generalizing the {H}ough Transform to Detect Arbitrary Shapes},
  journal = {Pattern Recognition},
  volume = {13},
  number = {2},
  pages = {111--122},
  year = {1981}
}

@article{ duda1972,
  author = {Duda, R.~O. and P.~E. Hart},
  title = {Use of the {H}ough Transformation to Detect Lines and Curves in Pictures},
  journal = {Communications of the ACM},
  volume = {15},
  pages = {11--15},
  year = {1972},
}

@inbook{ dickinson1999,
  title = {Object Representation and Recognition},
  author = {S. Dickinson},
  editor = {E. Lepore and Z. Pylyshyn},
  booktitle = {What is Cognitive Science?},
  publisher = {Basil Blackwell},
  year = {1999},
  pages = {172--207}
}

@article{ bretzner2000,
  title = {Qualitative Multi-Scale Feature Hierarchies for Object Tracking},
  author = {Lars Bretzner and Tony Lindeberg},
  journal = {Journal of Visual Communication and Image Representation},
  volume = {11},
  pages = {115--129},
  year = {2000}
}


@article{ fischler1981,
 author = {Martin A. Fischler and Robert C. Bolles},
 title = {Random sample consensus: a paradigm for model fitting with applications to image analysis and automated cartography},
 journal = {Communications of the ACM},
 volume = {24},
 number = {6},
 year = {1981},
 issn = {0001-0782},
 pages = {381--395},
 doi = {http://doi.acm.org/10.1145/358669.358692},
 publisher = {ACM Press},
 address = {New York, NY, USA},
 }

@article{ bloom1970,
 author = {Burton H. Bloom},
 title = {Space/time trade-offs in hash coding with allowable errors},
 journal = {Communications of the ACM},
 volume = {13},
 number = {7},
 year = {1970},
 issn = {0001-0782},
 pages = {422--426},
 doi = {http://doi.acm.org/10.1145/362686.362692},
 publisher = {ACM Press},
 address = {New York, NY, USA},
 }


@inproceedings{chazelle2004,
 author = {Bernard Chazelle and Joe Kilian and Ronitt Rubinfeld and Ayellet Tal},
 title = {The {B}loomier filter: an efficient data structure for static support lookup tables},
 booktitle = {SODA '04: Proceedings of the fifteenth annual ACM-SIAM symposium on Discrete algorithms},
 year = {2004},
 isbn = {0-89871-558-X},
 pages = {30--39},
 location = {New Orleans, Louisiana},
 publisher = {Society for Industrial and Applied Mathematics},
 address = {Philadelphia, PA, USA},
 }


@inproceedings{ arya1993,
 author = {Sunil Arya and David M. Mount},
 title = {Approximate nearest neighbor queries in fixed dimensions},
 booktitle = {SODA '93: Proceedings of the fourth annual ACM-SIAM {S}ymposium {O}n {D}iscrete {A}lgorithms},
 year = {1993},
 isbn = {0-89871-313-7},
 pages = {271--280},
 location = {Austin, Texas, United States},
 publisher = {Society for Industrial and Applied Mathematics},
 address = {Philadelphia, PA, USA},
 }

@article{ hjaltason2003,
 author = {Gisli R. Hjaltason and Hanan Samet},
 title = {Index-driven similarity search in metric spaces (Survey Article)},
 journal = {ACM Trans. Database Syst.},
 volume = {28},
 number = {4},
 year = {2003},
 issn = {0362-5915},
 pages = {517--580},
 doi = {http://doi.acm.org/10.1145/958942.958948},
 publisher = {ACM Press},
 address = {New York, NY, USA},
 }

@article{uhlmann1991,
author = {J.~K. Uhlmann},
title = {Satisfying general proximity/similarity queries with metric trees},
journal = {Information Processing Letters},
volume = {40},
number = {4},
pages = {175--179},
month = {Nov},
year = {1991},
}

@article{uhlmann1991b,
  author = {J.~K. Uhlmann},
  title = {Metric trees},
  journal = {Applied Mathematics Letters},
  volume = {4},
  number = {5},
  year = {1991},
  pages = {61--62}
}

@techreport{ moore2000,
   author = "Andrew Moore",
   title = "The {A}nchors {H}ierarchy: Using the triangle inequality to survive high dimensional data",
   institution = "Robotics {I}nstitute, {C}arnegie {M}ellon {U}niversity",
   month = "February",
   year = "2000",
   number = "CMU-RI-TR-00-05",
   address = "Pittsburgh, PA"
}

@InProceedings{ triggs2000,
  author       = "Bill Triggs and P. McLauchlan and Richard Hartley and A. Fitzgibbon",
  title        = "Bundle Adjustment---A Modern Synthesis",
  booktitle    = "Vision Algorithms: Theory and Practice",
  series       = "Lecture Notes in Computer Science",
  volume       = "1883",
  pages        = "298--372",
  year         = "2000",
  editor       = "B. Triggs and A. Zisserman and R. Szeliski",
  publisher    = "Springer-Verlag",
  keywords     = "MOVI, CUMULI",
  url          = "http://lear.inrialpes.fr/pubs/2000/TMHF00"
}

@inproceedings{ lefebvre2006,
 author = {Sylvain Lefebvre and Hugues Hoppe},
 title = {Perfect spatial hashing},
 booktitle = {SIGGRAPH '06: ACM SIGGRAPH 2006 Papers},
 year = {2006},
 isbn = {1-59593-364-6},
 pages = {579--588},
 location = {Boston, Massachusetts},
 doi = {http://doi.acm.org/10.1145/1179352.1141926},
 publisher = {ACM Press},
 address = {New York, NY, USA},
 }



@inproceedings{ deng1995,
    Year = {1995},
    Pages = {1233--1239},
    Publisher = {Morgan Kaufmann},
    Address = {San Francisco},
    Booktitle = {Proceedings of the Twelfth International Joint Conference on Artificial Intellingence},
    Author = { Kan Deng and Andrew Moore },
    Title = {Multiresolution Instance-based Learning}
}

@article{ kirkpatrick1983,
  author = {David G. Kirkpatrick},
  year = {1983},
  title = {Optimal Search in Planar Subdivisions},
  journal = {SIAM Journal on Computing},
  volume = {12},
  number = {1},
  pages = {28--35},
}

@article{ bartlett2002,
  author = {M.~S. Bartlett and J.~R. Movellan and T.~J. Sejnowski},
  title = {Face Recognition by {I}ndependent {C}omponent {A}nalysis},
  journal = {IEEE Transactions on Neural Networks},
  volume = {13},
  number = {6},
  year = {2002},
  pages = {1450--1464}
}

@article{em1977,
  title = {Maximum Likelihood from Incomplete Data via the {EM} Algorithm},
  author = {Dempster, A. P. and Laird, N. M. and Rubin, D. B.},
  journal = {Journal of the Royal Statistical Society. Series B (Methodological)},
  volume = {39},
  number = {1},
  pages = {1--38},
  url = {http://www.jstor.org/stable/2984875},
  ISSN = {00359246},
  year = {1977},
}

@article{ kldivergence,
author = {Kullback, S. and Leibler, R.~A.},
year = 1951,
title = {On Information and Sufficiency},
journal = {The Annals of Mathematical Statistics},
volume = 22,
number = 1,
pages = {79--86}
}
@phdthesis{ dstnthesis,
Author = {Dustin Lang},
Title = {Astrometry.net: Automatic recognition and calibration of astronomical images},
School = {University of Toronto},
Year = {2009},
Type = {{PhD} in {C}omputer {S}cience},
Address = {10 King's College Road, Toronto, Ontario M5S 3G4, Canada},
}


@MISC{Yairi04covisibility-basedmap,
    author = {Takehisa Yairi},
    title = {Covisibility-based Map Learning Method for Mobile Robots},
    year = {2004}
}

@INPROCEEDINGS{Thrun98aprobabilistic,
    author = {Sebastian Thrun and Wolfram Burgard and Dieter Fox and Henry Hexmoor and Maja Mataric},
    title = {A Probabilistic Approach to Concurrent Mapping and Localization for Mobile Robots},
    booktitle = {Machine Learning},
    year = {1998},
    pages = {29--53}
}

@INPROCEEDINGS{yairi01,
title={Fast and simple topological map construction based on cooccurrence frequency of landmark observation},
author={Yairi, T. and Hirama, K. and Hori, K.},
booktitle={Intelligent Robots and Systems, 2001. Proceedings. 2001 IEEE/RSJ International Conference on},
year={2001},
month={},
volume={3},
number={},
pages={1263-1268 vol.3},
keywords={mobile robots, object recognition, optimisation, path planning, robot vision, topologyheuristics, landmark observation, mobile robot, multidimensional scaling, multivariate data analysis, object recognition, path planning, robot vision, topological map},
doi={10.1109/IROS.2001.977156},
ISSN={},
}

@article{lowe1987,
  author = {David G. Lowe},
  title = {"Three-dimensional object recognition from single two-dimensional images"},
  journal = {Artificial Intelligence},
  volume = {31},
  number = {3},
  month = {March},
  year = {1987},
  pages = {355--395},
}

% 2009AAS...21346910N,
@INPROCEEDINGS{deepsky,
   author = {{Nugent}, P.~E. and {Palomar Transient Factory} and {DeepSky Project}},
    title = "{DeepSky and PTF: A New Era Begins}",
booktitle = {Bulletin of the American Astronomical Society},
     year = 2009,
   series = {Bulletin of the American Astronomical Society},
   volume = 41,
    month = jan,
    pages = {419-+},
   adsurl = {http://adsabs.harvard.edu/abs/2009AAS...21346910N},
  adsnote = {Provided by the SAO/NASA Astrophysics Data System}
}

% 2009AAS...21342702D,
@INPROCEEDINGS{palomarquest,
   author = {{Djorgovski}, S.~G. and {Mahabal}, A. and {Drake}, A. and {Donalek}, C. and 
	{Glikman}, E. and {Graham}, M. and {Williams}, R. and {Morton}, T. and 
	{Bauer}, A. and {Baltay}, C. and {Rabinowitz}, D. and {Scalzo}, R. and 
	{Nugent}, P. and {Palomar-Quest Survey Team}},
    title = "{Exploration of the Time Domain With Palomar-Quest Survey}",
booktitle = {Bulletin of the American Astronomical Society},
     year = 2009,
   series = {Bulletin of the American Astronomical Society},
   volume = 41,
    month = jan,
    pages = {258-+},
   adsurl = {http://adsabs.harvard.edu/abs/2009AAS...21342702D},
  adsnote = {Provided by the SAO/NASA Astrophysics Data System}
}

%2002SPIE.4836...61A,
@INPROCEEDINGS{nearbysnfactory,
   author = {{Aldering}, G. and {Adam}, G. and {Antilogus}, P. and {Astier}, P. and 
	{Bacon}, R. and {Bongard}, S. and {Bonnaud}, C. and {Copin}, Y. and 
	{Hardin}, D. and {Henault}, F. and {Howell}, D.~A. and {Lemonnier}, J.-P. and 
	{Levy}, J.-M. and {Loken}, S.~C. and {Nugent}, P.~E. and {Pain}, R. and 
	{Pecontal}, A. and {Pecontal}, E. and {Perlmutter}, S. and {Quimby}, R.~M. and 
	{Schahmaneche}, K. and {Smadja}, G. and {Wood-Vasey}, W.~M.},
    title = "{Overview of the Nearby Supernova Factory}",
     year = 2002,
booktitle = {Society of Photo-Optical Instrumentation Engineers (SPIE) Conference Series},
   volume = 4836,
   editor = {{Tyson}, J.~A. and {Wolff}, S.},
    month = dec,
    pages = {61-72},
      doi = {10.1117/12.458107},
   adsurl = {http://adsabs.harvard.edu/abs/2002SPIE.4836...61A},
  adsnote = {Provided by the SAO/NASA Astrophysics Data System}
}



%2006vopc.conf...54M,
@INPROCEEDINGS{harvardplates,
   author = {{Mink}, D. and {Doane}, A. and {Simcoe}, R. and {Los}, E. and 
	{Grindlay}, J.},
    title = "{The Harvard Plate Scanning Project}",
booktitle = {Virtual Observatory: Plate Content Digitization, Archive Mining and Image Sequence Processing},
     year = 2006,
   editor = {{Tsvetkov}, M. and {Golev}, V. and {Murtagh}, F. and {Molina}, R.
	},
    month = apr,
    pages = {54-60},
   adsurl = {http://adsabs.harvard.edu/abs/2006vopc.conf...54M},
  adsnote = {Provided by the SAO/NASA Astrophysics Data System}
}

%{Blacker}, B. and {Dickinson}, M. and {Dixon}, W.~V.~D. and {Ferguson}, H.~C. and {Fruchter}, A.~S. and {Giavalisco}, M. and {Gilliland}, R.~L. and {Heyer}, I. and {Katsanis}, R. and {Levay}, Z. and {Lucas}, R.~A. and {McElroy}, D.~B. and {Petro}, L. and {Postman}, M. and {Adorf}, H.-M. and {Hook}, R.
@ARTICLE{hubbledeepfield,
   author = {{Williams}, R.~E. and others},
    title = "{The Hubble Deep Field: Observations, Data Reduction, and Galaxy Photometry}",
  journal = {\aj},
   eprint = {arXiv:astro-ph/9607174},
 keywords = {GALAXIES: PHOTOMETRY, GALAXIES: EVOLUTION},
     year = 1996,
    month = oct,
   volume = 112,
    pages = {1335-+},
      doi = {10.1086/118105},
   adsurl = {http://adsabs.harvard.edu/abs/1996AJ....112.1335W},
  adsnote = {Provided by the SAO/NASA Astrophysics Data System},
   note = {arXiv:astro-ph/9607174},
}

%2000AJ....120.1579Y,
% and {Adelman}, J. and {Anderson}, Jr., J.~E. and {Anderson}, S.~F. and {Annis}, J. and {Bahcall}, N.~A. and {Bakken}, J.~A. and {Barkhouser}, R. and {Bastian}, S. and {Berman}, E. and {Boroski}, W.~N. and {Bracker}, S. and {Briegel}, C. and {Briggs}, J.~W. and {Brinkmann}, J. and {Brunner}, R. and {Burles}, S. and {Carey}, L. and {Carr}, M.~A. and {Castander}, F.~J. and {Chen}, B. and {Colestock}, P.~L. and {Connolly}, A.~J. and {Crocker}, J.~H. and {Csabai}, I. and {Czarapata}, P.~C. and {Davis}, J.~E. and {Doi}, M. and {Dombeck}, T. and {Eisenstein}, D. and {Ellman}, N. and {Elms}, B.~R. and {Evans}, M.~L. and {Fan}, X. and {Federwitz}, G.~R. and {Fiscelli}, L. and {Friedman}, S. and {Frieman}, J.~A. and {Fukugita}, M. and {Gillespie}, B. and {Gunn}, J.~E. and {Gurbani}, V.~K. and {de Haas}, E. and {Haldeman}, M. and {Harris}, F.~H. and {Hayes}, J. and {Heckman}, T.~M. and {Hennessy}, G.~S. and {Hindsley}, R.~B. and {Holm}, S. and {Holmgren}, D.~J. and {Huang}, C.-h. and {Hull}, C. and {Husby}, D. and {Ichikawa}, S.-I. and {Ichikawa}, T. and {Ivezi{\'c}}, {\v Z}. and {Kent}, S. and {Kim}, R.~S.~J. and {Kinney}, E. and {Klaene}, M. and {Kleinman}, A.~N. and {Kleinman}, S. and {Knapp}, G.~R. and {Korienek}, J. and {Kron}, R.~G. and {Kunszt}, P.~Z. and {Lamb}, D.~Q. and {Lee}, B. and {Leger}, R.~F. and {Limmongkol}, S. and {Lindenmeyer}, C. and {Long}, D.~C. and {Loomis}, C. and {Loveday}, J. and {Lucinio}, R. and {Lupton}, R.~H. and {MacKinnon}, B. and {Mannery}, E.~J. and {Mantsch}, P.~M. and {Margon}, B. and {McGehee}, P. and {McKay}, T.~A. and {Meiksin}, A. and {Merelli}, A. and {Monet}, D.~G. and {Munn}, J.~A. and {Narayanan}, V.~K. and {Nash}, T. and {Neilsen}, E. and {Neswold}, R. and {Newberg}, H.~J. and {Nichol}, R.~C. and {Nicinski}, T. and {Nonino}, M. and {Okada}, N. and {Okamura}, S. and {Ostriker}, J.~P. and {Owen}, R. and {Pauls}, A.~G. and {Peoples}, J. and {Peterson}, R.~L. and {Petravick}, D. and {Pier}, J.~R. and {Pope}, A. and {Pordes}, R. and {Prosapio}, A. and {Rechenmacher}, R. and {Quinn}, T.~R. and {Richards}, G.~T. and {Richmond}, M.~W. and {Rivetta}, C.~H. and {Rockosi}, C.~M. and {Ruthmansdorfer}, K. and {Sandford}, D. and {Schlegel}, D.~J. and {Schneider}, D.~P. and {Sekiguchi}, M. and {Sergey}, G. and {Shimasaku}, K. and {Siegmund}, W.~A. and {Smee}, S. and {Smith}, J.~A. and {Snedden}, S. and {Stone}, R. and {Stoughton}, C. and {Strauss}, M.~A. and {Stubbs}, C. and {SubbaRao}, M. and {Szalay}, A.~S. and {Szapudi}, I. and {Szokoly}, G.~P. and {Thakar}, A.~R. and {Tremonti}, C. and {Tucker}, D.~L. and {Uomoto}, A. and {Vanden Berk}, D. and {Vogeley}, M.~S. and {Waddell}, P. and {Wang}, S.-i. and {Watanabe}, M. and {Weinberg}, D.~H. and {Yanny}, B. and {Yasuda}, N.},
@ARTICLE{sdsstechnical,
   author = {{York}, D.~G. and others},
    title = "{The Sloan Digital Sky Survey: Technical Summary}",
  journal = {\aj},
   eprint = {arXiv:astro-ph/0006396},
 keywords = {Cosmology: Observations, Instrumentation: Miscellaneous},
     year = 2000,
    month = sep,
   volume = 120,
    pages = {1579-1587},
      doi = {10.1086/301513},
   adsurl = {http://adsabs.harvard.edu/abs/2000AJ....120.1579Y},
  adsnote = {Provided by the SAO/NASA Astrophysics Data System},
   note = {arXiv:astro-ph/0006396},
}

%2008arXiv0805.2366I,
@misc{lsst,
   author = {{Ivezic}, Z. and {Tyson}, J.~A. and {Allsman}, R. and {Andrew}, J. and {Angel}, R.},
    title = "{LSST: from Science Drivers to Reference Design and Anticipated Data Products}",
   eprint = {arXiv:astro-ph/0805.2366},
   howpublished = {arXiv:astro-ph/0805.2366},
     year = 2008,
    month = may,
   adsurl = {http://adsabs.harvard.edu/abs/2008arXiv0805.2366I},
  adsnote = {Provided by the SAO/NASA Astrophysics Data System},
}

%2001ASPC..238....3S,
@INPROCEEDINGS{vo,
   author = {{Szalay}, A.~S.},
    title = "{The National Virtual Observatory}",
booktitle = {Astronomical Data Analysis Software and Systems X},
     year = 2001,
   series = {Astronomical Society of the Pacific Conference Series},
   volume = 238,
   editor = {{Harnden}, Jr., F.~R. and {Primini}, F.~A. and {Payne}, H.~E.
	},
    pages = {3-+},
   adsurl = {http://adsabs.harvard.edu/abs/2001ASPC..238....3S},
  adsnote = {Provided by the SAO/NASA Astrophysics Data System}
}

@MISC{siap,
      AUTHOR = {Tody, D. and Plante, R.},
      TITLE = "{Simple Image Access Specification Version 1.0}",
 year = {2009},
 month = {May},
      NOTE = "\texttt{http://ivoa.net/Documents/PR/DAL/PR-SIA-1.0-20090521.html}"
}

%San Francisco: Astronomical Society of the Pacific, 2006, p.204. 
@inproceedings{wcstools4,
  author = {{Mink}, D.~J.},
  title = "{WCSTools 4.0: Building Astrometry and Catalogs into Pipelines}",
  booktitle = {Astronomical Data Analysis Software and Systems XV},
  series = {Astronomical Society of the Pacific Conference Series},
  volume = {15},
  editor = {Gabriel, C. and Arviset, C. and Ponz, D. and Solano E.},
  year = {2006},
  pages = {204-+}
}
 
% 1998DDA....30.0806M,
@INPROCEEDINGS{wcstools,
   author = {{Mink}, D.~J.},
    title = "{WCSTools: an Image Astrometry Toolkit}",
booktitle = {Bulletin of the American Astronomical Society},
     year = 1998,
   series = {Bulletin of the American Astronomical Society},
   volume = 30,
    month = sep,
    pages = {1144-+},
   adsurl = {http://adsabs.harvard.edu/abs/1998DDA....30.0806M},
  adsnote = {Provided by the SAO/NASA Astrophysics Data System}
}

% 2001ASPC..238..269L,
@INPROCEEDINGS{sdssimaging,
   author = {{Lupton}, R. and {Gunn}, J.~E. and {Ivezi{\'c}}, Z. and {Knapp}, G.~R. and 
	{Kent}, S.},
    title = "{The SDSS Imaging Pipelines}",
booktitle = {Astronomical Data Analysis Software and Systems X},
     year = 2001,
   series = {Astronomical Society of the Pacific Conference Series},
   volume = 238,
   editor = {{Harnden}, Jr., F.~R. and {Primini}, F.~A. and {Payne}, H.~E.
	},
    pages = {269-+},
   adsurl = {http://adsabs.harvard.edu/abs/2001ASPC..238..269L},
  adsnote = {Provided by the SAO/NASA Astrophysics Data System}
}


% 1996A&AS..117..393B,
@ARTICLE{sextractor,
   author = {{Bertin}, E. and {Arnouts}, S.},
    title = "{SExtractor: Software for source extraction.}",
  journal = {\aaps},
 keywords = {METHODS: DATA ANALYSIS, TECHNIQUES: IMAGE PROCESSING, GALAXIES: PHOTOMETRY},
     year = 1996,
    month = jun,
   volume = 117,
    pages = {393-404},
   adsurl = {http://adsabs.harvard.edu/abs/1996A%26AS..117..393B},
  adsnote = {Provided by the SAO/NASA Astrophysics Data System}
}

%2009ApJS..182..543A,
%{Adelman-McCarthy}, J.~K. and {Ag{\"u}eros}, M.~A. and {Allam}, S.~S. and {Allende Prieto}, C. and {An}, D. and {Anderson}, K.~S.~J. and {Anderson}, S.~F. and {Annis}, J. and {Bahcall}, N.~A. and {Bailer-Jones}, C.~A.~L. and {Barentine}, J.~C. and {Bassett}, B.~A. and {Becker}, A.~C. and {Beers}, T.~C. and {Bell}, E.~F. and {Belokurov}, V. and {Berlind}, A.~A. and {Berman}, E.~F. and {Bernardi}, M. and {Bickerton}, S.~J. and {Bizyaev}, D. and {Blakeslee}, J.~P. and {Blanton}, M.~R. and {Bochanski}, J.~J. and {Boroski}, W.~N. and {Brewington}, H.~J. and {Brinchmann}, J. and {Brinkmann}, J. and {Brunner}, R.~J. and {Budav{\'a}ri}, T. and {Carey}, L.~N. and {Carliles}, S. and {Carr}, M.~A. and {Castander}, F.~J. and {Cinabro}, D. and {Connolly}, A.~J. and {Csabai}, I. and {Cunha}, C.~E. and {Czarapata}, P.~C. and {Davenport}, J.~R.~A. and {de Haas}, E. and {Dilday}, B. and {Doi}, M. and {Eisenstein}, D.~J. and {Evans}, M.~L. and {Evans}, N.~W. and {Fan}, X. and {Friedman}, S.~D. and {Frieman}, J.~A. and {Fukugita}, M. and {G{\"a}nsicke}, B.~T. and {Gates}, E. and {Gillespie}, B. and {Gilmore}, G. and {Gonzalez}, B. and {Gonzalez}, C.~F. and {Grebel}, E.~K. and {Gunn}, J.~E. and {Gy{\"o}ry}, Z. and {Hall}, P.~B. and {Harding}, P. and {Harris}, F.~H. and {Harvanek}, M. and {Hawley}, S.~L. and {Hayes}, J.~J.~E. and {Heckman}, T.~M. and {Hendry}, J.~S. and {Hennessy}, G.~S. and {Hindsley}, R.~B. and {Hoblitt}, J. and {Hogan}, C.~J. and {Hogg}, D.~W. and {Holtzman}, J.~A. and {Hyde}, J.~B. and {Ichikawa}, S.-i. and {Ichikawa}, T. and {Im}, M. and {Ivezi{\'c}}, {\v Z}. and {Jester}, S. and {Jiang}, L. and {Johnson}, J.~A. and {Jorgensen}, A.~M. and {Juri{\'c}}, M. and {Kent}, S.~M. and {Kessler}, R. and {Kleinman}, S.~J. and {Knapp}, G.~R. and {Konishi}, K. and {Kron}, R.~G. and {Krzesinski}, J. and {Kuropatkin}, N. and {Lampeitl}, H. and {Lebedeva}, S. and {Lee}, M.~G. and {Lee}, Y.~S. and {Leger}, R.~F. and {L{\'e}pine}, S. and {Li}, N. and {Lima}, M. and {Lin}, H. and {Long}, D.~C. and {Loomis}, C.~P. and {Loveday}, J. and {Lupton}, R.~H. and {Magnier}, E. and {Malanushenko}, O. and {Malanushenko}, V. and {Mandelbaum}, R. and {Margon}, B. and {Marriner}, J.~P. and {Mart{\'{\i}}nez-Delgado}, D. and {Matsubara}, T. and {McGehee}, P.~M. and {McKay}, T.~A. and {Meiksin}, A. and {Morrison}, H.~L. and {Mullally}, F. and {Munn}, J.~A. and {Murphy}, T. and {Nash}, T. and {Nebot}, A. and {Neilsen}, E.~H. and {Newberg}, H.~J. and {Newman}, P.~R. and {Nichol}, R.~C. and {Nicinski}, T. and {Nieto-Santisteban}, M. and {Nitta}, A. and {Okamura}, S. and {Oravetz}, D.~J. and {Ostriker}, J.~P. and {Owen}, R. and {Padmanabhan}, N. and {Pan}, K. and {Park}, C. and {Pauls}, G. and {Peoples}, J. and {Percival}, W.~J. and {Pier}, J.~R. and {Pope}, A.~C. and {Pourbaix}, D. and {Price}, P.~A. and {Purger}, N. and {Quinn}, T. and {Raddick}, M.~J. and {Fiorentin}, P.~R. and {Richards}, G.~T. and {Richmond}, M.~W. and {Riess}, A.~G. and {Rix}, H.-W. and {Rockosi}, C.~M. and {Sako}, M. and {Schlegel}, D.~J. and {Schneider}, D.~P. and {Scholz}, R.-D. and {Schreiber}, M.~R. and {Schwope}, A.~D. and {Seljak}, U. and {Sesar}, B. and {Sheldon}, E. and {Shimasaku}, K. and {Sibley}, V.~C. and {Simmons}, A.~E. and {Sivarani}, T. and {Smith}, J.~A. and {Smith}, M.~C. and {Smol{\v c}i{\'c}}, V. and {Snedden}, S.~A. and {Stebbins}, A. and {Steinmetz}, M. and {Stoughton}, C. and {Strauss}, M.~A. and {Subba Rao}, M. and {Suto}, Y. and {Szalay}, A.~S. and {Szapudi}, I. and {Szkody}, P. and {Tanaka}, M. and {Tegmark}, M. and {Teodoro}, L.~F.~A. and {Thakar}, A.~R. and {Tremonti}, C.~A. and {Tucker}, D.~L. and {Uomoto}, A. and {Vanden Berk}, D.~E. and {Vandenberg}, J. and {Vidrih}, S. and {Vogeley}, M.~S. and {Voges}, W. and {Vogt}, N.~P. and {Wadadekar}, Y. and {Watters}, S. and {Weinberg}, D.~H. and {West}, A.~A. and {White}, S.~D.~M. and {Wilhite}, B.~C. and {Wonders}, A.~C. and {Yanny}, B. and {Yocum}, D.~R. and {York}, D.~G. and {Zehavi}, I. and {Zibetti}, S. and {Zucker}, D.~B.},
@ARTICLE{sdssdr7,
   author = {{Abazajian}, K.~N. and others},
    title = "{The Seventh Data Release of the Sloan Digital Sky Survey}",
  journal = {\apjs},
archivePrefix = "arXiv",
   eprint = {0812.0649},
 keywords = {atlases, catalogs, surveys },
     year = 2009,
    month = jun,
   volume = 182,
    pages = {543-558},
      doi = {10.1088/0067-0049/182/2/543},
   adsurl = {http://adsabs.harvard.edu/abs/2009ApJS..182..543A},
  adsnote = {Provided by the SAO/NASA Astrophysics Data System},
  note = {arXiv:0812.0649},
}

%2003AAS...203.9601M,
@INPROCEEDINGS{galex,
   author = {{Martin}, C. and {GALEX Science Team}},
    title = "{The Galaxy Evolution Explorer (GALEX)}",
booktitle = {Bulletin of the American Astronomical Society},
     year = 2003,
   series = {Bulletin of the American Astronomical Society},
   volume = 35,
    month = dec,
    pages = {1363-+},
   adsurl = {http://adsabs.harvard.edu/abs/2003AAS...203.9601M},
  adsnote = {Provided by the SAO/NASA Astrophysics Data System}
}



%1999MmSAI..70..365B,
@ARTICLE{galex1,
   author = {{Bianchi}, L. and {The GALEX Team}},
    title = "{The Galaxy Evolution Explorer (GALEX): an All Sky Ultraviolet Survey}",
  journal = {Memorie della Societa Astronomica Italiana},
     year = 1999,
   volume = 70,
    pages = {365-+},
   adsurl = {http://adsabs.harvard.edu/abs/1999MmSAI..70..365B},
  adsnote = {Provided by the SAO/NASA Astrophysics Data System}
}



%2007ApJ...660L...1D,
%{Guhathakurta}, P. and {Konidaris}, N.~P. and  {Newman}, J.~A. and {Ashby}, M.~L.~N. and {Biggs}, A.~D. and  {Barmby}, P. and {Bundy}, K. and {Chapman}, S.~C. and {Coil}, A.~L. and  {Conselice}, C.~J. and {Cooper}, M.~C. and {Croton}, D.~J. and  {Eisenhardt}, P.~R.~M. and {Ellis}, R.~S. and {Faber}, S.~M. and  {Fang}, T. and {Fazio}, G.~G. and {Georgakakis}, A. and {Gerke}, B.~F. and  {Goss}, W.~M. and {Gwyn}, S. and {Harker}, J. and {Hopkins}, A.~M. and  {Huang}, J.-S. and {Ivison}, R.~J. and {Kassin}, S.~A. and {Kirby}, E.~N. and  {Koekemoer}, A.~M. and {Koo}, D.~C. and {Laird}, E.~S. and {Le Floc'h}, E. and  {Lin}, L. and {Lotz}, J.~M. and {Marshall}, P.~J. and {Martin}, D.~C. and  {Metevier}, A.~J. and {Moustakas}, L.~A. and {Nandra}, K. and  {Noeske}, K.~G. and {Papovich}, C. and {Phillips}, A.~C. and  {Rich}, R.~M. and {Rieke}, G.~H. and {Rigopoulou}, D. and {Salim}, S. and  {Schiminovich}, D. and {Simard}, L. and {Smail}, I. and {Small}, T.~A. and  {Weiner}, B.~J. and {Willmer}, C.~N.~A. and {Willner}, S.~P. and  {Wilson}, G. and {Wright}, E.~L. and {Yan}, R.},
@ARTICLE{aegis,
   author = {{Davis}, M. and others},
    title = "{The All-Wavelength Extended Groth Strip International Survey (AEGIS) Data Sets}",
  journal = {\apjl},
   eprint = {arXiv:astro-ph/0607355},
 keywords = {Galaxies: Photometry, Infrared: Galaxies, Radio Continuum: Galaxies, Surveys, Ultraviolet: Galaxies, X-Rays: Galaxies},
     year = 2007,
    month = may,
   volume = 660,
    pages = {L1-L6},
      doi = {10.1086/517931},
   adsurl = {http://adsabs.harvard.edu/abs/2007ApJ...660L...1D},
  adsnote = {Provided by the SAO/NASA Astrophysics Data System},
   note = {arXiv:astro-ph/0607355},
}

% 2005ASPC..338..156S,
@INPROCEEDINGS{astrometryandvo,
   author = {{Schade}, D.},
    title = "{Astrometry and the Virtual Observatory}",
booktitle = {Astrometry in the Age of the Next Generation of Large Telescopes},
     year = 2005,
   series = {Astronomical Society of the Pacific Conference Series},
   volume = 338,
   editor = {{Seidelmann}, P.~K. and {Monet}, A.~K.~B.},
    month = oct,
    pages = {156-+},
   adsurl = {http://adsabs.harvard.edu/abs/2005ASPC..338..156S},
  adsnote = {Provided by the SAO/NASA Astrophysics Data System}
}

% 2006ASPC..351..406J,
@INPROCEEDINGS{hla,
   author = {{Jenkner}, H. and {Doxsey}, R.~E. and {Hanisch}, R.~J. and {Lubow}, S.~H. and 
	{Miller}, III, W.~W. and {White}, R.~L.},
    title = "{Concept for the Hubble Legacy Archive}",
booktitle = {Astronomical Data Analysis Software and Systems XV},
     year = 2006,
   series = {Astronomical Society of the Pacific Conference Series},
   volume = 351,
   editor = {{Gabriel}, C. and {Arviset}, C. and {Ponz}, D. and {Enrique}, S.
	},
    month = jul,
    pages = {406-+},
   adsurl = {http://adsabs.harvard.edu/abs/2006ASPC..351..406J},
  adsnote = {Provided by the SAO/NASA Astrophysics Data System}
}

%1998SPIE.3356..234F,
%{Bartko}, F. and {Bely}, P.~Y. and {Broadhurst}, T. and {Burrows}, C.~J. and {Cheng}, E.~S. and {Clampin}, M. and {Crocker}, J.~H. and {Feldman}, P.~D. and {Golimowski}, D.~A. and {Hartig}, G.~F. and {Illingworth}, G. and {Kimble}, R.~A. and {Lesser}, M.~P. and {Miley}, G. and {Neff}, S.~G. and {Postman}, M. and {Sparks}, W.~B. and {Tsvetanov}, Z. and {White}, R.~L. and {Sullivan}, P. and {Krebs}, C.~A. and {Leviton}, D.~B. and {La Jeunesse}, T. and {Burmester}, W. and {Fike}, S. and {Johnson}, R. and {Slusher}, R.~B. and {Volmer}, P. and {Woodruff}, R.~A.},
@INPROCEEDINGS{acs,
   author = {{Ford}, H.~C. and others},
    title = "{Advanced camera for the Hubble Space Telescope}",
booktitle = {Society of Photo-Optical Instrumentation Engineers (SPIE) Conference Series},
     year = 1998,
   series = {Presented at the Society of Photo-Optical Instrumentation Engineers (SPIE) Conference},
   volume = 3356,
   editor = {{Bely}, P.~Y. and {Breckinridge}, J.~B.},
    month = aug,
    pages = {234-248},
   adsurl = {http://adsabs.harvard.edu/abs/1998SPIE.3356..234F},
  adsnote = {Provided by the SAO/NASA Astrophysics Data System}
}


@article{parzen,
	author = {Parzen, Emanuel},
	citeulike-article-id = {3245941},
	journal = {The Annals of Mathematical Statistics},
	keywords = {file-import-08-09-12},
	number = {3},
	pages = {1065--1076},
	posted-at = {2008-09-12 14:30:37},
	priority = {2},
	title = {On Estimation of a Probability Density Function and Mode},
	volume = {33},
	year = {1962}
}

@report{moore-tutorial,
    Howpublished = {Extract from PhD Thesis},
    Year = {1991},
    Booktitle = {University of Cambridge Computer Laboratory Technical Report No. 209},
    Note = {Available from http://www.cs.cmu.edu/$sim$awm/papers.html},
    Author = {Andrew Moore},
    Title = {A tutorial on kd-trees}
}

@inproceedings{bentley1990,
 author = {Jon Louis Bentley},
 title = {K-d trees for semidynamic point sets},
 booktitle = {SCG '90: Proceedings of the sixth annual symposium on Computational geometry},
 year = {1990},
 isbn = {0-89791-362-0},
 pages = {187--197},
 location = {Berkley, California, United States},
 doi = {http://doi.acm.org/10.1145/98524.98564},
 publisher = {ACM},
 address = {New York, NY, USA},
 }

@misc{simkd,
  author = {Andrew Moore and John Ostlund},
  title = {Simple kd-Tree Source Code},
  howpublished = {http://www.autonlab.org},
}

@article{land1960,
  author = {A. H. Land and A. G. Doig},
  journal = {Econometrica},
  month = {Jul},
  number = {3},
  pages = {497--520},
  publisher = {The Econometric Society},
  title = {An Automatic Method of Solving Discrete Programming Problems},
  volume = {28},
  year = {1960},
}

@article{bentley1975,
 author = {Jon Louis Bentley},
 title = {Multidimensional binary search trees used for associative searching},
 journal = {Communications of the ACM},
 volume = {18},
 number = {9},
 year = {1975},
 issn = {0001-0782},
 pages = {509--517},
 doi = {http://doi.acm.org/10.1145/361002.361007},
 publisher = {ACM Press},
 address = {New York, NY, USA},
 }

@article{bohm2001,
 author = {Christian B\"ohm and Stefan Berchtold and Daniel A. Keim},
 title = {Searching in high-dimensional spaces: Index structures for improving the performance of multimedia databases},
 journal = {ACM Computing Survey},
 volume = {33},
 number = {3},
 year = {2001},
 issn = {0360-0300},
 pages = {322--373},
 doi = {http://doi.acm.org/10.1145/502807.502809},
 publisher = {ACM Press},
 address = {New York, NY, USA},
 }

@article{ arya1998,
 author = {Sunil Arya and David M. Mount and Nathan S. Netanyahu and Ruth Silverman and Angela Y. Wu},
 title = {An optimal algorithm for approximate nearest neighbor searching fixed dimensions},
 journal = {J. ACM},
 volume = {45},
 number = {6},
 year = {1998},
 issn = {0004-5411},
 pages = {891--923},
 doi = {http://doi.acm.org/10.1145/293347.293348},
 publisher = {ACM Press},
 address = {New York, NY, USA},
 }

@inproceedings{ beis1997,
  author = {Jeffrey S. Beis and David G. Lowe},
  title = {Shape indexing using approximate nearest-neighbour search in high-dimensional spaces},
  booktitle = {Conference on Computer Vision and Pattern Recognition},
  year = {1997},
  pages = {1000--1006},
}

@ARTICLE{blinddate,
   author = {{Barron}, J.~T. and {Hogg}, D.~W. and {Lang}, D. and {Roweis}, S.},
    title = "{Blind Date: Using Proper Motions to Determine the Ages of Historical Images}",
  journal = {\aj},
archivePrefix = "arXiv",
   eprint = {0805.0759},
 keywords = {astrometry, catalogs, methods: statistical, stars: kinematics, techniques: image processing, time },
     year = 2008,
    month = oct,
   volume = 136,
    pages = {1490-1501},
      doi = {10.1088/0004-6256/136/4/1490},
   adsurl = {http://adsabs.harvard.edu/abs/2008AJ....136.1490B},
  adsnote = {Provided by the SAO/NASA Astrophysics Data System},
   note = {arXiv:0805.0759},
}



@inproceedings{theoryofeverything,
 author = {Hogg, D.~W. and Lang, D.},
 year = 2008,
 title = {Astronomical imaging: The theory of everything},
 booktitle = {Classification and Discovery in Large Astronomical Surveys},
 editor = {Bailer-Jones, C.~A.~L.},
 series = {AIP Conference Proceedings},
 volume = 1082,
 pages = {331--338},
 eprint = {arXiv:astro-ph/0810.3851},
 note = {arXiv:0810.3851},
}

@article{dasch,
author = {Grindlay, J. and Tang, S. and Simcoe, R. and Laycock, S. and Los, E. and Mink, D. and Doane, A. and Champine, D.},
title = "{DASCH to Measure (and preserve) the Harvard Plates: Opening the ~100-year Time Domain Astronomy Window}",
journal = {Astronomical Society of the Pacific Conference Proceedings},
year = {2009},
volume = {in press}
}


@article{ liebe1993,
title = {Pattern recognition of star constellations for spacecraft applications},
author = {Carl Christian Liebe},
journal = {IEEE Aerospace and Electronic Systems Magazine},
year = {1993},
volume = {8},
number = {1},
pages = {31--39}
}

@ARTICLE{ junkins1977,
   author = {Junkins, J.~L. and White, III, C.~C. and Turner, J.~D.},
    title = "{Star pattern recognition for real time attitude determination.}",
  journal = {Journal of the Astronautical Sciences},
     year = 1977,
   volume = 25,
    pages = {251-270},
   adsurl = {http://adsabs.harvard.edu/abs/1977JAnSc..25..251J},
  adsnote = {Provided by the Smithsonian/NASA Astrophysics Data System}
}

@ARTICLE{ pal2006,
   author = {{P{\'a}l}, A. and {Bakos}, G.~{\'A}.},
    title = "{Astrometry in Wide-Field Surveys}",
  journal = {The Publications of the Astronomical Society of the Pacific},
   eprint = {astro-ph/0609658},
     year = 2006,
    month = oct,
   volume = 118,
    pages = {1474--1483},
      doi = {10.1086/508573},
}

@mastersthesis{ harvey2004,
  author = {Chris Harvey},
  title = {New Algorithms for Automated Astrometry},
  year = {2004},
  institution = {University of {T}oronto},
  school = {University of {T}oronto},
}

@article{ lamdan1990,
title = {Affine invariant model-based object recognition},
author = {Lamdan, Y. and Schwartz, J.~T. and Wolfson, H.~J.},
journal = {IEEE Transactions on Robotics and Automation},
volume = {6},
number = {5},
year = {1990},
month = {oct},
pages = {578--589}
}

@article{ huttenlocher1990,
 author = {Daniel P. Huttenlocher and Shimon Ullman},
 title = {Recognizing solid objects by alignment with an image},
 journal = {Int. J. Comput. Vision},
 volume = {5},
 number = {2},
 year = {1990},
 issn = {0920-5691},
 pages = {195--212},
 doi = {http://dx.doi.org/10.1007/BF00054921},
 publisher = {Kluwer Academic Publishers},
 address = {Hingham, MA, USA},
 }

@ARTICLE{ valdes1995,
   author = {Valdes, F.~G. and Campusano, L.~E. and Velasquez, J.~D. and 
	Stetson, P.~B.},
    title = "{FOCAS Automatic Catalog Matching Algorithms}",
  journal = {\pasp},
     year = 1995,
    month = nov,
   volume = 107,
    pages = {1119--},
   adsurl = {http://adsabs.harvard.edu/abs/1995PASP..107.1119V},
  adsnote = {Provided by the Smithsonian/NASA Astrophysics Data System}
}

@inproceedings{ bertin2005,
  author    = {E. Bertin},
  title     = {Automatic astrometric and photometric calibration with {SCAMP}},
  booktitle = {Astronomical Data Analysis Software and Systems 15},
publisher = {Astronomical Society of the Pacific},
address = {San Francisco},
series = {ASP Conference Series, Vol. 351},
editor = {Carlos Gabriel and Christophe Arviset and Daniel Ponz and Enrique Solano},
  year      = {2006},
pages = {112--},
}

@article{ wolfson1997,
title = {Geometric hashing: an overview},
author = {Wolfson, H.~J. and   Rigoutsos, I.},
journal = {IEEE Computational Science and Engineering},
year = {1997},
volume = {4},
number = {4},
pages = {10--21},
}

%{Levine}, S.~E. and {Canzian}, B. and {Ables}, H.~D. and 
%	{Bird}, A.~R. and {Dahn}, C.~C. and {Guetter}, H.~H. and {Harris}, H.~C. and 
%	{Henden}, A.~A. and {Leggett}, S.~K. and {Levison}, H.~F. and 
%	{Luginbuhl}, C.~B. and {Martini}, J. and {Monet}, A.~K.~B. and 
%	{Munn}, J.~A. and {Pier}, J.~R. and {Rhodes}, A.~R. and {Riepe}, B. and 
%	{Sell}, S. and {Stone}, R.~C. and {Vrba}, F.~J. and {Walker}, R.~L. and 
%	{Westerhout}, G. and {Brucato}, R.~J. and {Reid}, I.~N. and 
%	{Schoening}, W. and {Hartley}, M. and {Read}, M.~A. and {Tritton}, S.~B.
%	},
@ARTICLE{ usnob,
   author = {{Monet}, D.~G. and others},
    title = "{The USNO-B Catalog}",
  journal = {\aj},
   eprint = {arXiv:astro-ph/0210694},
     year = 2003,
    month = feb,
   volume = 125,
    pages = {984--993},
      doi = {10.1086/345888},
   adsurl = {http://adsabs.harvard.edu/abs/2003AJ....125..984M},
  adsnote = {Provided by the Smithsonian/NASA Astrophysics Data System}
}

@article{barroncleaning,
  author={Jonathan T. Barron and Christopher Stumm and David W. Hogg and Dustin Lang and Sam Roweis},
  title={CLEANING THE {USNO-B} CATALOG THROUGH AUTOMATIC DETECTION OF OPTICAL ARTIFACTS},
  journal={The Astronomical Journal},
  volume={135},
  number={1},
  pages={414-422},
  url={http://stacks.iop.org/1538-3881/135/414},
  year={2008},
}

%R.~M. Cutri and R. Stiening and M.~D. Weinberg and S. Schneider and J.~M. Carpenter and C. Beichman and R. Capps and T. Chester and J. Elias and J. Huchra and J. Liebert and C. Lonsdale and D.~G. Monet and S. Price and P. Seitzer and T. Jarrett and J.~D. Kirkpatrick and J. Gizis and E. Howard and T. Evans and J. Fowler and L. Fullmer and R. Hurt and R. Light and E.~L. Kopan and K.~A. Marsh and H.~L. McCallon and R. Tam and S. Van Dyk and S. Wheelock},
@article{ twomass,
  title = {The {T}wo {M}icron {A}ll {S}ky {S}urvey ({2MASS})},
  author = {M.~F. Skrutskie and others},
  year = {2006},
  journal = {\AJ},
  volume = {131},
  pages = {1163}
}

% 2002ASPC..281..107G,
@INPROCEEDINGS{healpix,
   author = {{G{\'o}rski}, K.~M. and {Banday}, A.~J. and {Hivon}, E. and {Wandelt}, B.~D.},
    title = "{HEALPix --- a Framework for High Resolution, Fast Analysis on the Sphere}",
 keywords = {data analysis, computational methods, astronomy: Cosmic Microwave Background, FITS},
booktitle = {Astronomical Data Analysis Software and Systems XI},
     year = 2002,
   series = {Astronomical Society of the Pacific Conference Series},
   volume = 281,
   editor = {{Bohlender}, D.~A. and {Durand}, D. and {Handley}, T.~H.},
    pages = {107-+},
   adsurl = {http://adsabs.harvard.edu/abs/2002ASPC..281..107G},
  adsnote = {Provided by the SAO/NASA Astrophysics Data System}
}


