@article{em1977,
  title = {Maximum Likelihood from Incomplete Data via the {EM} Algorithm},
  author = {Dempster, A. P. and Laird, N. M. and Rubin, D. B.},
  journal = {Journal of the Royal Statistical Society. Series B (Methodological)},
  volume = {39},
  number = {1},
  pages = {1--38},
  url = {http://www.jstor.org/stable/2984875},
  ISSN = {00359246},
  year = {1977},
}

@article{ kldivergence,
author = {Kullback, S. and Leibler, R.~A.},
year = 1951,
title = {On Information and Sufficiency},
journal = {The Annals of Mathematical Statistics},
volume = 22,
number = 1,
pages = {79--86}
}
